Titre,Lien_du_titre,image,prix,étiquette,motclé,pltext,unité,dsproductcardrefonte_origintext,image1,dsproductcardrefonte_shimzonesmall
 Citron jaune ,https://www.carrefour.fr/p/citron-jaune-3000001032670?t=1883,," 0,80 ",, la pièce  la pièce  0.80 € / U , la pièce , 0.80 € / U , ESPAGNE ,, la pièce 
 Citron vert ,https://www.carrefour.fr/p/citron-vert-3276552310721?t=1883,," 0,50 ",, la pièce  la pièce  0.50 € / U , la pièce , 0.50 € / U , BRESIL ,, la pièce 
 Kiwi Hayward ,https://www.carrefour.fr/p/kiwi-hayward-3276552308414?t=1883,," 0,59 ",, la pièce  la pièce  0.59 € / U , la pièce , 0.59 € / U , NOUVELLE-ZELANDE ,, la pièce 
 Kiwi  jaune Sungold ,https://www.carrefour.fr/p/kiwi-jaune-sungold-3276552308865?t=1883,," 0,79 ",, la pièce  la pièce  0.79 € / U , la pièce , 0.79 € / U , NOUVELLE-ZELANDE ,, la pièce 
 Fruit de la passion ,https://www.carrefour.fr/p/fruit-de-la-passion-3000001022961?t=1883,," 1,59 ",, la pièce  la pièce  1.59 € / U , la pièce , 1.59 € / U , VIET NAM ,, la pièce 
 Pomelo rouge ,https://www.carrefour.fr/p/pomelo-rouge-3000001035008?t=1883,," 0,99 ",, la pièce  la pièce  0.99 € / U , la pièce , 0.99 € / U , AFRIQUE DU SUD ,, la pièce 
 Pomelos roses Bio CARREFOUR BIO ,https://www.carrefour.fr/p/pomelos-roses-bio-carrefour-bio-3276550374428?t=1883,," 2,60 ", Prime Bio , 2 pièces  les 2 fruits  2.60 € / U , les 2 fruits , 2.60 € / U , ESPAGNE ,https://www.carrefour.fr/images/badges/flag-common-organic.svg, 2 pièces 
 Clémentine feuille bio  Corse CARREFOUR BIO ,https://www.carrefour.fr/p/clementine-feuille-bio-corse-carrefour-bio-3270190011057?t=1883,," 2,91 ",, 1Kg  La barquette de 1Kg  2.91 € / KG , La barquette de 1Kg , 2.91 € / KG , FRANCE ,https://www.carrefour.fr/images/badges/flag-common-organic.svg, 1Kg 
 Clémentines à feuille Bio CARREFOUR BIO ,https://www.carrefour.fr/p/clementines-a-feuille-bio-carrefour-bio-3523680470484?t=1883,," 3,79 ", Prime Bio , 750g  la barquette de 750g  5.05 € / KG , la barquette de 750g , 5.05 € / KG , ESPAGNE ,https://www.carrefour.fr/images/badges/flag-common-organic.svg, 750g 
 Mandarines bio CARREFOUR BIO ,https://www.carrefour.fr/p/mandarines-bio-carrefour-bio-3276550134923?t=1883,," 3,99 ", Prime Bio , 1Kg  le filet de 1Kg  3.99 € / KG , le filet de 1Kg , 3.99 € / KG , ESPAGNE ,https://www.carrefour.fr/images/badges/flag-common-organic.svg, 1Kg 
 Clémentines de Corse Bio CARREFOUR BIO ,https://www.carrefour.fr/p/clementines-de-corse-bio-carrefour-bio-3523680466166?t=1883,," 3,99 ", Prime Bio , 500g  la barquette de 500g  7.98 € / KG , la barquette de 500g , 7.98 € / KG , FRANCE ,https://www.carrefour.fr/images/badges/flag-common-organic.svg, 500g 
 Oranges Sanguines Bio ,https://www.carrefour.fr/p/oranges-sanguines-bio-3523680400825?t=1883,," 2,99 ",, 1Kg  La barquette de 1Kg  2.99 € / KG , La barquette de 1Kg , 2.99 € / KG , ORIGINE C.E.E. ,https://www.carrefour.fr/images/badges/flag-common-organic.svg, 1Kg 
 Mandarine à feuille Bio ,https://www.carrefour.fr/p/mandarine-a-feuille-bio-3523680421189?t=1883,," 4,19 ",, la barquette de 750g  5.59 € / KG , la barquette de 750g , 5.59 € / KG , UE ET HORS UE ,https://www.carrefour.fr/images/badges/flag-common-organic.svg, 5.59 € / KG 
 Clémentines bio CARREFOUR BIO ,https://www.carrefour.fr/p/clementines-bio-carrefour-bio-3276559447055?t=1883,," 3,79 ", Prime Bio , 1Kg  le filet de 1 kg  3.79 € / U , le filet de 1 kg , 3.79 € / U , ORIGINE C.E.E. ,https://www.carrefour.fr/images/badges/flag-common-organic.svg, 1Kg 
 Clémentine  de Corse en conversion Bio ,https://www.carrefour.fr/p/clementine-de-corse-en-conversion-bio-3523680421165?t=1883,," 3,69 ",, 750g  la barquette de 750g  4.92 € / KG , la barquette de 750g , 4.92 € / KG , FRANCE ,https://www.carrefour.fr/images/badges/flag-common-organic.svg, 750g 
 Mandarines Bio ,https://www.carrefour.fr/p/mandarines-bio-3523680261785?t=1883,," 3,51 ",, 750g  la barquette de 750g  4.68 € / KG , la barquette de 750g , 4.68 € / KG , ESPAGNE ,https://www.carrefour.fr/images/badges/flag-common-organic.svg, 750g 
 Citron jaune Primofiori Bio ,https://www.carrefour.fr/p/citron-jaune-primofiori-bio-3523680258341?t=1883,," 1,69 ",, le sachet de 4 fruits  3.38 € / KG , le sachet de 4 fruits , 3.38 € / KG , ORIGINE C.E.E. ,https://www.carrefour.fr/images/badges/flag-common-organic.svg, 3.38 € / KG 
 Oranges Bio CARREFOUR BIO ,https://www.carrefour.fr/p/oranges-bio-carrefour-bio-3276555704107?t=1883,," 2,95 ", Prime Bio , 1Kg  le filet de 1 kg  2.95 € / KG , le filet de 1 kg , 2.95 € / KG , ESPAGNE ,https://www.carrefour.fr/images/badges/flag-common-organic.svg, 1Kg 
 Mandarines Bio ,https://www.carrefour.fr/p/mandarines-bio-3276556280945?t=1883,," 4,59 ",, 1Kg  le filet de 1Kg  4.59 € / KG , le filet de 1Kg , 4.59 € / KG , ESPAGNE ,https://www.carrefour.fr/images/badges/flag-common-organic.svg, 1Kg 
 Pomelos Bio roses ,https://www.carrefour.fr/p/pomelos-bio-roses-3276559736067?t=1883,," 3,59 ",, 2 pièces  le sachet de 2  3.59 € / U , le sachet de 2 , 3.59 € / U , ESPAGNE ,https://www.carrefour.fr/images/badges/flag-common-organic.svg, 2 pièces 
 Pomelos Bio CARREFOUR BIO ,https://www.carrefour.fr/p/pomelos-bio-carrefour-bio-3523680470477?t=1883,," 2,49 ", Prime Bio , 2 pièces  les 2 pièces  2.49 € / KG , les 2 pièces , 2.49 € / KG , ESPAGNE ,https://www.carrefour.fr/images/badges/flag-common-organic.svg, 2 pièces 
 Clémentines de Corse en conversion biologique ,https://www.carrefour.fr/p/clementines-de-corse-en-conversion-biologique-3523680451896?t=1883,," 3,59 ",, 500g  la barquette de 500g  7.18 € / KG , la barquette de 500g , 7.18 € / KG , FRANCE ,https://www.carrefour.fr/images/badges/flag-origin-france.svg, 500g 
 Pomelos roses Bio ,https://www.carrefour.fr/p/pomelos-roses-bio-3276550320333?t=1883,," 2,99 ",, 2 pièces  le sachet de 2  2.99 € / U , le sachet de 2 , 2.99 € / U , ESPAGNE ,https://www.carrefour.fr/images/badges/flag-common-organic.svg, 2 pièces 
 Citrons jaunes Bio ,https://www.carrefour.fr/p/citrons-jaunes-bio-3523680401273?t=1883,," 2,99 ",, 1Kg  La barquette de 1Kg  2.99 € / KG , La barquette de 1Kg , 2.99 € / KG , ORIGINE C.E.E. ,https://www.carrefour.fr/images/badges/flag-common-organic.svg, 1Kg 
 Oranges CARREFOUR BIO ,https://www.carrefour.fr/p/oranges-carrefour-bio-3523680470095?t=1883,," 1,99 ", Prime Bio , le filet de 1Kg + 20% offert  1.66 € / KG , le filet de 1Kg + 20% offert , 1.66 € / KG , ESPAGNE ,https://www.carrefour.fr/images/badges/flag-common-organic.svg, 1.66 € / KG 
 Pomelo Corse CARREFOUR BIO ,https://www.carrefour.fr/p/pomelo-corse-carrefour-bio-3523680459465?t=1883,," 1,39 ", Prime Bio , la pièce  la pièce  1.39 € / U , la pièce , 1.39 € / U , FRANCE ,https://www.carrefour.fr/images/badges/flag-common-organic.svg, la pièce 
 Clémentines CARREFOUR BIO ,https://www.carrefour.fr/p/clementines-carrefour-bio-3523680246393?t=1883,," 5,29 ", Prime Bio , 750g  la barquette de 750g  7.05 € / KG , la barquette de 750g , 7.05 € / KG , FRANCE ,https://www.carrefour.fr/images/badges/flag-common-organic.svg, 750g 
 Oranges Bio ,https://www.carrefour.fr/p/oranges-bio-3276557071313?t=1883,," 2,99 ",, 1Kg  le filet de 1 kg  2.99 € / KG , le filet de 1 kg , 2.99 € / KG , ESPAGNE ,https://www.carrefour.fr/images/badges/flag-common-organic.svg, 1Kg 
 Oranges à dessert CARREFOUR BIO ,https://www.carrefour.fr/p/oranges-a-dessert-carrefour-bio-3523680468023?t=1883,," 2,99 ", Prime Bio , 4 pièces  les 4 pièces  2.99 € / U , les 4 pièces , 2.99 € / U , ESPAGNE ,https://www.carrefour.fr/images/badges/flag-common-organic.svg, 4 pièces 
 Citrons verts Bio ,https://www.carrefour.fr/p/citrons-verts-bio-3276550270089?t=1883,," 2,09 ",, 3 pièces  le filet de 3   2.09 € / U , le filet de 3  , 2.09 € / U , COLOMBIE ,https://www.carrefour.fr/images/badges/flag-common-organic.svg, 3 pièces 
 Avocat Hass Bio ,https://www.carrefour.fr/p/avocat-hass-bio-3523680432437?t=1892,https://media.carrefour.fr/medias/fbf517249c3639e1bfbe72a8e127e652/p_200x200/3523680432437-photosite-20211018-132953-0.jpg," 1,69 ",, la pièce  la pièce  1.69 € / U , la pièce , 1.69 € / U , ESPAGNE ,https://www.carrefour.fr/images/badges/flag-common-organic.svg, la pièce 
 Avocat Hass Bio ,https://www.carrefour.fr/p/avocat-hass-bio-3523680436213?t=1892,https://media.carrefour.fr/medias/79b2b6e64b02325589c23931499bc605/p_200x200/3523680436213-photosite-2023927-162235-1.jpg," 1,59 ",, la pièce  la pièce  1.59 € / U , la pièce , 1.59 € / U , KENYA ,https://www.carrefour.fr/images/badges/flag-common-organic.svg, la pièce 
 Avocat Bio CARREFOUR BIO ,https://www.carrefour.fr/p/avocat-bio-carrefour-bio-3523680466173?t=1892,https://media.carrefour.fr/medias/c7d433b8d8b4375c9e3ccee8c25cce5b/p_200x200/3523680466173-0.jpg," 1,69 ",, la pièce  la pièce  1.69 € / U , la pièce , 1.69 € / U , ESPAGNE ,https://www.carrefour.fr/images/badges/flag-common-organic.svg, la pièce 
 Concombre ,https://www.carrefour.fr/p/concombre-3000001038733?t=1892,," 1,19 ",, la pièce  la pièce  1.19 € / U , la pièce , 1.19 € / U , FRANCE ,https://www.carrefour.fr/images/badges/flag-origin-france.svg, la pièce 
 Potimarron CARREFOUR BIO ,https://www.carrefour.fr/p/potimarron-carrefour-bio-3523680239999?t=1892,," 2,99 ", Prime Bio , la pièce  la pièce  2.99 € / U , la pièce , 2.99 € / U , FRANCE ,https://www.carrefour.fr/images/badges/flag-common-organic.svg, la pièce 
 Topinambour Bio ,https://www.carrefour.fr/p/topinambour-bio-3523680354296?t=1892,," 3,39 ",, 500g  le filet de 500g  6.78 € / KG , le filet de 500g , 6.78 € / KG , FRANCE ,https://www.carrefour.fr/images/badges/flag-common-organic.svg, 500g 
 Potimarron Bio ,https://www.carrefour.fr/p/potimarron-bio-3523680257542?t=1892,," 2,99 ",, la pièce  la pièce  3.32 € / KG , la pièce , 3.32 € / KG , FRANCE ,https://www.carrefour.fr/images/badges/flag-common-organic.svg, la pièce 
 Potimarron CARREFOUR BIO ,https://www.carrefour.fr/p/potimarron-carrefour-bio-3523680257559?t=1892,," 3,39 ",, la pièce  3.77 € / KG , la pièce , 3.77 € / KG , FRANCE ,https://www.carrefour.fr/images/badges/flag-common-organic.svg, 3.77 € / KG 
 Courge Sucrine du Berry CARREFOUR BIO ,https://www.carrefour.fr/p/courge-sucrine-du-berry-carrefour-bio-3523680277380?t=1892,," 3,19 ", Prime Bio , la pièce  3.19 € / KG , la pièce , 3.19 € / KG , FRANCE ,https://www.carrefour.fr/images/badges/flag-common-organic.svg, 3.19 € / KG 
 Butternut Bio ,https://www.carrefour.fr/p/butternut-bio-3523680261723?t=1892,," 4,39 ",, la pièce  4.39 € / KG , la pièce , 4.39 € / KG , ESPAGNE ,https://www.carrefour.fr/images/badges/flag-common-organic.svg, 4.39 € / KG 
 Courge butternut bio CARREFOUR BIO ,https://www.carrefour.fr/p/courge-butternut-bio-carrefour-bio-3523680261716?t=1892,," 4,39 ",, la pièce  4.39 € / KG , la pièce , 4.39 € / KG , FRANCE ,https://www.carrefour.fr/images/badges/flag-common-organic.svg, 4.39 € / KG 
 Courge Shiatsu Bio CARREFOUR BIO ,https://www.carrefour.fr/p/courge-shiatsu-bio-carrefour-bio-3523680396227?t=1892,," 2,49 ", Prime Bio , la pièce  2.49 € / U , la pièce , 2.49 € / U , FRANCE ,https://www.carrefour.fr/images/badges/flag-common-organic.svg, 2.49 € / U 
 Potimarron Bio GRAINES DE PAYSAN ,https://www.carrefour.fr/p/potimarron-bio-graines-de-paysan-3523680396647?t=1892,," 2,59 ",, la pièce  2.59 € / U , la pièce , 2.59 € / U , FRANCE ,https://www.carrefour.fr/images/badges/flag-common-organic.svg, 2.59 € / U 
 Courge Spaghetti Bio ,https://www.carrefour.fr/p/courge-spaghetti-bio-3276552736798?t=1892,," 2,29 ",, la pièce  2.29 € / U , la pièce , 2.29 € / U , FRANCE ,https://www.carrefour.fr/images/badges/flag-common-organic.svg, 2.29 € / U 
 Courge Patisson CARREFOUR BIO ,https://www.carrefour.fr/p/courge-patisson-carrefour-bio-3523680277304?t=1892,," 2,59 ", Prime Bio , la pièce  la pièce  2.59 € / KG , la pièce , 2.59 € / KG , FRANCE ,https://www.carrefour.fr/images/badges/flag-common-organic.svg, la pièce 
 Maïs épis Bio ,https://www.carrefour.fr/p/mais-epis-bio-3270190010203?t=1892,," 3,59 ",, 2 pièces  les 2 pièces  8.98 € / KG , les 2 pièces , 8.98 € / KG , FRANCE ,https://www.carrefour.fr/images/badges/flag-common-organic.svg, 2 pièces 
 Panais Bio ,https://www.carrefour.fr/p/panais-bio-3523680354302?t=1892,," 4,19 ",, 500g  la barquette de 500g  4.19 € / U , la barquette de 500g , 4.19 € / U , ESPAGNE ,https://www.carrefour.fr/images/badges/flag-common-organic.svg, 500g 
 Courge Buttercup Bio CARREFOUR BIO ,https://www.carrefour.fr/p/courge-buttercup-bio-carrefour-bio-3523680277267?t=1892,," 3,39 ", Prime Bio , la pièce  3.39 € / KG , la pièce , 3.39 € / KG , FRANCE ,https://www.carrefour.fr/images/badges/flag-common-organic.svg, 3.39 € / KG 
 Courge butternut CARREFOUR BIO ,https://www.carrefour.fr/p/courge-butternut-carrefour-bio-3523680240001?t=1892,," 2,99 ", Prime Bio , la pièce  la pièce  2.99 € / U , la pièce , 2.99 € / U , FRANCE ,https://www.carrefour.fr/images/badges/flag-common-organic.svg, la pièce 
 Courge Carat CARREFOUR BIO ,https://www.carrefour.fr/p/courge-carat-carrefour-bio-3523680277366?t=1892,," 3,49 ", Prime Bio , la pièce  3.49 € / KG , la pièce , 3.49 € / KG , FRANCE ,https://www.carrefour.fr/images/badges/flag-common-organic.svg, 3.49 € / KG 
 Courge découverte Bio ,https://www.carrefour.fr/p/courge-decouverte-bio-3523680419551?t=1892,," 2,59 ",, la pièce  2.59 € / U , la pièce , 2.59 € / U , FRANCE ,https://www.carrefour.fr/images/badges/flag-common-organic.svg, 2.59 € / U 
 Potiron Bio tranche  CARREFOUR BIO ,https://www.carrefour.fr/p/potiron-bio-tranche-carrefour-bio-3276550320012?t=1892,," 2,69 ", Prime Bio , la pièce  la pièce  2.69 € / KG , la pièce , 2.69 € / KG , FRANCE ,https://www.carrefour.fr/images/badges/flag-common-organic.svg, la pièce 
 Courge découverte agroécologie FILIERE QUALITE CARREFOUR ,https://www.carrefour.fr/p/courge-decouverte-agroecologie-filiere-qualite-carrefour-3523680430976?t=1892,," 2,49 ",, la pièce  la pièce  2.49 € / U , la pièce , 2.49 € / U , FRANCE ,https://www.carrefour.fr/images/badges/flag-common-qualityline.svg, la pièce 
 Courge butternut agroécologie FILIERE QUALITE CARREFOUR ,https://www.carrefour.fr/p/courge-butternut-agroecologie-filiere-qualite-carrefour-3523680430969?t=1892,," 2,49 ",, la pièce  la pièce  2.49 € / U , la pièce , 2.49 € / U , FRANCE ,https://www.carrefour.fr/images/badges/flag-common-qualityline.svg, la pièce 
 Courge butternut ,https://www.carrefour.fr/p/courge-butternut-3276550308621?t=1892,," 2,49 ",, la pièce  la pièce  2.49 € / U , la pièce , 2.49 € / U , FRANCE ,https://www.carrefour.fr/images/badges/flag-origin-france.svg, la pièce 
 Potiron ,https://www.carrefour.fr/p/potiron-3000001030737?t=1892,," 1,51 ",, la pièce  la pièce  1.51 € / U , la pièce , 1.51 € / U , FRANCE ,https://www.carrefour.fr/images/badges/flag-origin-france.svg, la pièce 
 Panais vrac ,https://www.carrefour.fr/p/panais-vrac-3276556888295?t=1892,," 3,28 ",, 1Kg  le kilo  3.28 € / KG , le kilo , 3.28 € / KG , FRANCE ,https://www.carrefour.fr/images/badges/flag-origin-france.svg, 1Kg 
 Topinambour vrac ,https://www.carrefour.fr/p/topinambour-vrac-3000000030875?t=1892,," 2,69 ",, 1Kg  le kilo  2.69 € / KG , le kilo , 2.69 € / KG , FRANCE ,https://www.carrefour.fr/images/badges/flag-origin-france.svg, 1Kg 
 Radis noir ,https://www.carrefour.fr/p/radis-noir-3276554654854?t=1892,," 1,99 ",, la pièce  la pièce  1.99 € / U , la pièce , 1.99 € / U , FRANCE ,https://www.carrefour.fr/images/badges/flag-origin-france.svg, la pièce 
 Butternut ,https://www.carrefour.fr/p/butternut-3523680261013?t=1892,," 3,89 ",, la pièce  4.32 € / KG , la pièce , 4.32 € / KG , ORIGINE C.E.E. ,, 4.32 € / KG 
 Saucisses fumées Bio BONJOUR CAMPAGNE ,https://www.carrefour.fr/p/saucisses-fumees-bio-bonjour-campagne-3483190001427?t=1922,https://media.carrefour.fr/medias/8b2f51e494b8385ca4add288bb4d1c1a/p_200x200/03483190001427-a1r1-s04.jpg," 3,29 ",, 2 pièces  la barquette de 2 - 200g  16.45 € / KG , la barquette de 2 - 200g , 16.45 € / KG ,,https://www.carrefour.fr/images/badges/flag-common-organic.svg, 2 pièces 
 Saucisses fumées CARREFOUR EXTRA ,https://www.carrefour.fr/p/saucisses-fumees-carrefour-extra-3560071479770?t=1922,https://media.carrefour.fr/medias/94724cdf00693bdda7f7bb052833afa0/p_200x200/3560071479770-0.jpg," 3,55 ",, la barquette de 4 - 400g  8.88 € / KG , la barquette de 4 - 400g , 8.88 € / KG ,,https://www.carrefour.fr/images/badges/flag-nutriscore-d.svg, 8.88 € / KG 
 Merguez halal de volaille CARREFOUR ,https://www.carrefour.fr/p/merguez-halal-de-volaille-carrefour-3560070569212?t=1922,https://media.carrefour.fr/medias/0ba8793bc3413c7885caf3b13ab6e34f/p_200x200/3560070569212-0.jpg," 3,65 ",, la barquette de 6 - 300 g  12.17 € / KG , la barquette de 6 - 300 g , 12.17 € / KG ,,https://www.carrefour.fr/images/badges/flag-common-frenchpoultrymeat.svg, 12.17 € / KG 
 Saucisses halal de volaille CARREFOUR ,https://www.carrefour.fr/p/saucisses-halal-de-volaille-carrefour-3560070569182?t=1922,," 3,65 ",, la barquette de 6 - 300 g  12.17 € / KG , la barquette de 6 - 300 g , 12.17 € / KG ,,https://www.carrefour.fr/images/badges/flag-common-frenchpoultrymeat.svg, 12.17 € / KG 
 Viande de porc : côtes premières sans os à griller ,https://www.carrefour.fr/p/viande-de-porc-cotes-premieres-sans-os-a-griller-3276559975657?t=1922,," 1,58 ",, les 2 pièces - 200g  7.90 € / KG , les 2 pièces - 200g , 7.90 € / KG , FRANCE ,https://www.carrefour.fr/images/badges/flag-origin-france.svg, 7.90 € / KG 
 Viande bovine : jarret avec os à mijoter ,https://www.carrefour.fr/p/viande-bovine-jarret-avec-os-a-mijoter-3276559967300?t=1922,," 4,39 ",, la barquette de 550g  7.99 € / KG , la barquette de 550g , 7.99 € / KG , FRANCE ,https://www.carrefour.fr/images/badges/flag-origin-france.svg, 7.99 € / KG 
 Viande de porc : escalopes de jambon ,https://www.carrefour.fr/p/viande-de-porc-escalopes-de-jambon-3276559975213?t=1922,," 4,45 ",, les 5 pièces - 500g  8.90 € / KG , les 5 pièces - 500g , 8.90 € / KG , FRANCE ,https://www.carrefour.fr/images/badges/flag-origin-france.svg, 8.90 € / KG 
 Viande de porc : 1/2 palette à mijoter ,https://www.carrefour.fr/p/viande-de-porc-1-2-palette-a-mijoter-3276559975404?t=1922,," 9,20 ",, la pièce - 1Kg  9.20 € / KG , la pièce - 1Kg , 9.20 € / KG , FRANCE ,https://www.carrefour.fr/images/badges/flag-origin-france.svg, 9.20 € / KG 
 Viande d'agneau : poitrine *  à mijoter ,https://www.carrefour.fr/p/viande-d-agneau-poitrine-a-mijoter-3276559959374?t=1922,," 3,76 ",, la barquette de 400g  9.40 € / KG , la barquette de 400g , 9.40 € / KG , FRANCE ,https://www.carrefour.fr/images/badges/flag-origin-france.svg, 9.40 € / KG 
 Viande de porc : côtes premières avec os à griller ,https://www.carrefour.fr/p/viande-de-porc-cotes-premieres-avec-os-a-griller-3276559975671?t=1922,," 2,68 ",, les 2 pièces - 280g  9.59 € / KG , les 2 pièces - 280g , 9.59 € / KG , FRANCE ,https://www.carrefour.fr/images/badges/flag-origin-france.svg, 9.59 € / KG 
 Viande de porc : côtes échine à griller ,https://www.carrefour.fr/p/viande-de-porc-cotes-echine-a-griller-3276559975732?t=1922,," 3,35 ",, les 2 pièces - 350g  9.59 € / KG , les 2 pièces - 350g , 9.59 € / KG , FRANCE ,https://www.carrefour.fr/images/badges/flag-origin-france.svg, 9.59 € / KG 
 Viande de porc : côtes échine sans os à griller ,https://www.carrefour.fr/p/viande-de-porc-cotes-echine-sans-os-a-griller-3276559975664?t=1922,," 2,34 ",, les 2 pièces - 240g  9.79 € / KG , les 2 pièces - 240g , 9.79 € / KG , FRANCE ,https://www.carrefour.fr/images/badges/flag-origin-france.svg, 9.79 € / KG 
 Viande bovine : bourguignon *** à mijoter ,https://www.carrefour.fr/p/viande-bovine-bourguignon-a-mijoter-3276559967348?t=1922,," 5,60 ",, la barquette de 500g  11.20 € / KG , la barquette de 500g , 11.20 € / KG , FRANCE ,https://www.carrefour.fr/images/badges/flag-origin-france.svg, 11.20 € / KG 
 Viande de porc : grillade de porc ,https://www.carrefour.fr/p/viande-de-porc-grillade-de-porc-3276559975152?t=1922,," 2,25 ",, la pièce - 190g  11.89 € / KG , la pièce - 190g , 11.89 € / KG , FRANCE ,https://www.carrefour.fr/images/badges/flag-origin-france.svg, 11.89 € / KG 
 Viande bovine : pot au feu ** avec os à mijoter (plat de côte) ,https://www.carrefour.fr/p/viande-bovine-pot-au-feu-avec-os-a-mijoter-plat-de-cote-3276559968482?t=1922,," 10,31 ",, la barquette de 800g  12.89 € / KG , la barquette de 800g , 12.89 € / KG , FRANCE ,https://www.carrefour.fr/images/badges/flag-origin-france.svg, 12.89 € / KG 
 Viande bovine : paleron à mijoter ,https://www.carrefour.fr/p/viande-bovine-paleron-a-mijoter-3276559967461?t=1922,," 6,45 ",, la barquette de 500g  12.90 € / KG , la barquette de 500g , 12.90 € / KG , FRANCE ,https://www.carrefour.fr/images/badges/flag-origin-france.svg, 12.90 € / KG 
 Viande de veau : blanquette *** à mijoter ,https://www.carrefour.fr/p/viande-de-veau-blanquette-a-mijoter-3276551338405?t=1922,," 8,15 ",, la barquette de 500g  16.30 € / KG , la barquette de 500g , 16.30 € / KG , FRANCE ,https://www.carrefour.fr/images/badges/flag-origin-france.svg, 16.30 € / KG 
 Viande bovine : 1x STEAK** à griller ,https://www.carrefour.fr/p/viande-bovine-1x-steak-a-griller-3276559969106?t=1922,," 2,82 ",, la barquette de 130g  21.75 € / KG , la barquette de 130g , 21.75 € / KG , FRANCE ,https://www.carrefour.fr/images/badges/flag-origin-france.svg, 21.75 € / KG 
 Viande de veau : côte de veau sans os à griller ,https://www.carrefour.fr/p/viande-de-veau-cote-de-veau-sans-os-a-griller-3276551344703?t=1922,https://media.carrefour.fr/medias/a509753fa54d38f5b8c4a59f1c4be789/p_200x200/3276551344703-0.jpg," 2,83 ",, la pièce - 130g  21.80 € / KG , la pièce - 130g , 21.80 € / KG , FRANCE ,https://www.carrefour.fr/images/badges/flag-origin-france.svg, 21.80 € / KG 
 Viande bovine : hampe ** à griller ,https://www.carrefour.fr/p/viande-bovine-hampe-a-griller-3276559969045?t=1922,https://media.carrefour.fr/medias/e8231ffb55923c52bb401273f29aaae8/p_200x200/3276559969045-0.jpg," 3,52 ",, la pièce - 150g  23.50 € / KG , la pièce - 150g , 23.50 € / KG , FRANCE ,https://www.carrefour.fr/images/badges/flag-origin-france.svg, 23.50 € / KG 
 Viande bovine : entrecôte *** à griller ,https://www.carrefour.fr/p/viande-bovine-entrecote-a-griller-3276559968826?t=1922,https://media.carrefour.fr/medias/24b302cfea3938c993ca4326d5d49bc5/p_200x200/3276559968826-0.jpg," 14,33 ",, les 3 pièces - 600g  23.89 € / KG , les 3 pièces - 600g , 23.89 € / KG , FRANCE ,https://www.carrefour.fr/images/badges/flag-origin-france.svg, 23.89 € / KG 
 Viande de veau : escalope*** FILIERE QUALITE CARREFOUR ,https://www.carrefour.fr/p/viande-de-veau-escalope-filiere-qualite-carrefour-3276551243914?t=1922,https://media.carrefour.fr/medias/f174368cbd1b32608c3c189335d479a7/p_200x200/3276551243914-0.jpg," 6,39 ",, les 2 pièces - 260g  24.60 € / KG , les 2 pièces - 260g , 24.60 € / KG , FRANCE ,https://www.carrefour.fr/images/badges/flag-common-qualityline.svg, 24.60 € / KG 
 Viande bovine : onglet *** à griller ,https://www.carrefour.fr/p/viande-bovine-onglet-a-griller-3276559969212?t=1922,https://media.carrefour.fr/medias/d967f16f26ea3b8a886fa316055a901e/p_200x200/3276559969212-0.jpg," 3,23 ",, la pièce - 130g  24.90 € / KG , la pièce - 130g , 24.90 € / KG , FRANCE ,https://www.carrefour.fr/images/badges/flag-origin-france.svg, 24.90 € / KG 
 Viande bovine : côte de bœuf à griller ,https://www.carrefour.fr/p/viande-bovine-cote-de-boeuf-a-griller-3276559967829?t=1922,https://media.carrefour.fr/medias/9a7a633dfb03381d860b4c89f4448c52/p_200x200/3276559967829-0.jpg," 23,08 ",, la pièce - 900g  25.65 € / KG , la pièce - 900g , 25.65 € / KG , FRANCE ,https://www.carrefour.fr/images/badges/flag-origin-france.svg, 25.65 € / KG 
 Viande bovine : pavé de rumsteck *** à griller ,https://www.carrefour.fr/p/viande-bovine-pave-de-rumsteck-a-griller-3276559968000?t=1922,https://media.carrefour.fr/medias/b64b66df96e93b4a98fed1aaacc6ca53/p_200x200/3276559968000-0.jpg," 4,02 ",, la pièce - 150g  26.80 € / KG , la pièce - 150g , 26.80 € / KG , FRANCE ,https://www.carrefour.fr/images/badges/flag-origin-france.svg, 26.80 € / KG 
 Viande bovine : 1x BAVETTE D'ALOYAU*** à griller ,https://www.carrefour.fr/p/viande-bovine-1x-bavette-d-aloyau-a-griller-3276559969144?t=1922,https://media.carrefour.fr/medias/0d2329e65698364d9b2572f9e7e03721/p_200x200/3276559969144-0.jpg," 3,51 ",, la barquette de 130g  27.05 € / KG , la barquette de 130g , 27.05 € / KG , FRANCE ,https://www.carrefour.fr/images/badges/flag-origin-france.svg, 27.05 € / KG 
 Viande de bœuf : entrecôte *** FILIERE QUALITE CARREFOUR ,https://www.carrefour.fr/p/viande-de-boeuf-entrecote-filiere-qualite-carrefour-3276559967942?t=1922,https://media.carrefour.fr/medias/d09ad829ebae3b7b92fc0ffb44c5eb8f/p_200x200/3276559967942-0.jpg," 6,07 ",, la pièce - 220g  27.60 € / KG , la pièce - 220g , 27.60 € / KG , FRANCE ,https://www.carrefour.fr/images/badges/flag-common-qualityline.svg, 27.60 € / KG 
 Saucisses fumées spécial potée CARREFOUR ,https://www.carrefour.fr/p/saucisses-fumees-special-potee-carrefour-3245414231146?t=1922,https://media.carrefour.fr/medias/17472c3bd88132eca77113388eba5a93/p_200x200/3245414231146-photosite-20190503-135428-0.jpg," 3,50 ",, 4 pièces  la barquette de 4 - 360g  9.72 € / KG , la barquette de 4 - 360g , 9.72 € / KG , FRANCE ,https://www.carrefour.fr/images/badges/flag-common-vpf.svg, 4 pièces 
 Saucisse brasse CARREFOUR BIO ,https://www.carrefour.fr/p/saucisse-brasse-carrefour-bio-3245415692229?t=1922,https://media.carrefour.fr/medias/8bd7bd1d38c6304d9a32696c2682b9ba/p_200x200/3245415692229-photosite-20190412-132455-1.jpg," 5,00 ", Prime Bio , la pièce  la barquette de 350g  14.29 € / KG , la barquette de 350g , 14.29 € / KG , FRANCE ,https://www.carrefour.fr/images/badges/flag-common-organic.svg, la pièce 
 Chipolatas porc CARREFOUR BIO ,https://www.carrefour.fr/p/chipolatas-porc-carrefour-bio-3245415698672?t=1922,," 5,40 ", Prime Bio , 6 pièces  la barquette de 6 - 300g  18.00 € / KG , la barquette de 6 - 300g , 18.00 € / KG , FRANCE ,https://www.carrefour.fr/images/badges/flag-common-organic.svg, 6 pièces 
 Yaourt nature PERLE DE LAIT ,https://www.carrefour.fr/p/yaourt-nature-perle-de-lait-3329770080119?t=36995,https://media.carrefour.fr/medias/568dc9c47b0b34efa33baaf2c7bc7da1/p_200x200/03329770080119-c1n1-s03.jpg," 1,99 ",, 4x125g  Les 4 pots de 125g  3.98 € / KG , Les 4 pots de 125g , 3.98 € / KG ,,https://www.carrefour.fr/images/badges/flag-nutriscore-c.svg, 4x125g 
 Yaourt aromatisé vanille citron amande coco brassé PERLE DE LAIT ,https://www.carrefour.fr/p/yaourt-aromatise-vanille-citron-amande-coco-brasse-perle-de-lait-3329770075092?t=36995,https://media.carrefour.fr/medias/47687d4494423fb8a313fa1b30026f90/p_200x200/03329770075092-c1r1-s06.jpg," 3,75 ",, 8x125g  Les 8 pots de 125g  3.75 € / KG , Les 8 pots de 125g , 3.75 € / KG ,,https://www.carrefour.fr/images/badges/flag-nutriscore-c.svg, 8x125g 
 Yaourt nature sur fruits jaunes pêche abricot ananas PANIER DE YOPLAIT ,https://www.carrefour.fr/p/yaourt-nature-sur-fruits-jaunes-peche-abricot-ananas-panier-de-yoplait-3329770060876?t=36995,https://media.carrefour.fr/medias/82443429dd9a38afbb2bac72040efe2d/p_200x200/03329770060876-c1r1-s10.jpg," 3,19 ",, 6x140g  Les 6 pots de 140g  3.80 € / KG , Les 6 pots de 140g , 3.80 € / KG ,,https://www.carrefour.fr/images/badges/flag-nutriscore-c.svg, 6x140g 
 Yaourt enfants fruits mixés fraise framboise abricot banane fruits rouges pêche PETITS FILOUS ,https://www.carrefour.fr/p/yaourt-enfants-fruits-mixes-fraise-framboise-abricot-banane-fruits-rouges-peche-petits-filous-3329770058897?t=36995,," 2,55 ",, 12x50g  Les 12 pots de 50g  4.25 € / KG , Les 12 pots de 50g , 4.25 € / KG ,,https://www.carrefour.fr/images/badges/flag-nutriscore-b.svg, 12x50g 
 Skyr nature 0% MG YOPLAIT ,https://www.carrefour.fr/p/skyr-nature-0-mg-yoplait-3329770073265?t=36995,https://media.carrefour.fr/medias/0e4be3df5d3a3f9fb24e96ff41cddacd/p_200x200/03329770073265-c1r1-s10.jpg," 2,09 ",, 4x100g  Les 4 pots de 100g  5.22 € / KG , Les 4 pots de 100g , 5.22 € / KG ,,https://www.carrefour.fr/images/badges/flag-common-fatfree.svg, 4x100g 
 Yaourt de chèvre nature SOIGNON ,https://www.carrefour.fr/p/yaourt-de-chevre-nature-soignon-3523230014267?t=36995,https://media.carrefour.fr/medias/c77c8349188c3524ba71211f7c87d7a8/p_200x200/03523230014267-h1n1-s32.jpg," 2,55 ",, 4 pots  les 4 pots de 125 g  5.10 € / KG , les 4 pots de 125 g , 5.10 € / KG ,,https://www.carrefour.fr/images/badges/flag-nutriscore-b.svg, 4 pots 
 Yaourt nature CARREFOUR CLASSIC' ,https://www.carrefour.fr/p/yaourt-nature-carrefour-classic-3270190021438?t=36995,," 2,39 ", Prime Nutri-Score A , 16 pots  les 16 pots de 125g  1.20 € / KG , les 16 pots de 125g , 1.20 € / KG ,,https://www.carrefour.fr/images/badges/flag-nutriscore-a.svg, 16 pots 
 Yaourt nature CARREFOUR CLASSIC' ,https://www.carrefour.fr/p/yaourt-nature-carrefour-classic-3560070930982?t=36995,," 1,85 ", Prime Nutri-Score A , 12 pots  les 12 pots de 125g  1.23 € / KG , les 12 pots de 125g , 1.23 € / KG ,,https://www.carrefour.fr/images/badges/flag-nutriscore-a.svg, 12 pots 
 Yaourt nature 0% MG CARREFOUR CLASSIC' ,https://www.carrefour.fr/p/yaourt-nature-0-mg-carrefour-classic-3270190022077?t=36995,," 1,95 ", Prime Nutri-Score A , 12 pots  les 12 pots de 125g  1.30 € / KG , les 12 pots de 125g , 1.30 € / KG ,,https://www.carrefour.fr/images/badges/flag-common-fatfree.svg, 12 pots 
 Yaourt nature CARREFOUR CLASSIC' ,https://www.carrefour.fr/p/yaourt-nature-carrefour-classic-3560071016944?t=36995,," 0,65 ", Prime Nutri-Score A , 4 Pots  les 4 pots de 125g  1.30 € / KG , les 4 pots de 125g , 1.30 € / KG ,,, 4 Pots 
 Yaourt nature sucré   CARREFOUR CLASSIC' ,https://www.carrefour.fr/p/yaourt-nature-sucre-carrefour-classic-3560070816323?t=36995,," 2,95 ",, 16 pots  les 16 pots de 125g  1.48 € / KG , les 16 pots de 125g , 1.48 € / KG ,,https://www.carrefour.fr/images/badges/flag-nutriscore-c.svg, 16 pots 
 Yaourt nature brassé CARREFOUR CLASSIC' ,https://www.carrefour.fr/p/yaourt-nature-brasse-carrefour-classic-3270190023821?t=36995,," 2,99 ",, 16 Pots  les 16 pots de 125g  1.50 € / KG , les 16 pots de 125g , 1.50 € / KG ,,https://www.carrefour.fr/images/badges/flag-nutriscore-b.svg, 16 Pots 
 Yaourts aromatisés ,https://www.carrefour.fr/p/yaourts-aromatises-3456776721071?t=36995,," 0,78 ",, les 4 pots de 125g  1.56 € / KG , les 4 pots de 125g , 1.56 € / KG ,,, 1.56 € / KG 
 Yaourts aromatisés CARREFOUR CLASSIC' ,https://www.carrefour.fr/p/yaourts-aromatises-carrefour-classic-3560070354375?t=36995,," 2,35 ",, 12 pots  les 12 yaourts de 125g  1.57 € / KG , les 12 yaourts de 125g , 1.57 € / KG ,,https://www.carrefour.fr/images/badges/flag-nutriscore-b.svg, 12 pots 
 Fromage blanc 0% SIMPL ,https://www.carrefour.fr/p/fromage-blanc-0-simpl-3245414638853?t=36995,," 1,59 ",, 1 pot  le pot d'1Kg  1.59 € / KG , le pot d'1Kg , 1.59 € / KG ,,https://www.carrefour.fr/images/badges/flag-common-fatfree.svg, 1 pot 
 Lait Frais Entier Bio CARREFOUR BIO ,https://www.carrefour.fr/p/lait-frais-entier-bio-carrefour-bio-3560070475742?t=36995,," 1,64 ", Prime Bio , 1 L  la bouteille d'1L  1.64 € / L , la bouteille d'1L , 1.64 € / L ,,https://www.carrefour.fr/images/badges/flag-common-organic.svg, 1 L 
 Yaourt nature brassé CARREFOUR CLASSIC' ,https://www.carrefour.fr/p/yaourt-nature-brasse-carrefour-classic-3270190023814?t=36995,," 1,65 ",, 8 Pots  les 8 pots de 125g  1.65 € / KG , les 8 pots de 125g , 1.65 € / KG ,,https://www.carrefour.fr/images/badges/flag-nutriscore-b.svg, 8 Pots 
 Yaourt bifidus nature CARREFOUR CLASSIC' ,https://www.carrefour.fr/p/yaourt-bifidus-nature-carrefour-classic-3270190021322?t=36995,," 2,49 ",, 12 pots  les 12 pots de 125g  1.66 € / KG , les 12 pots de 125g , 1.66 € / KG ,,https://www.carrefour.fr/images/badges/flag-nutriscore-b.svg, 12 pots 
 Yaourt fruits mixés brassé CARREFOUR CLASSIC' ,https://www.carrefour.fr/p/yaourt-fruits-mixes-brasse-carrefour-classic-3245412897993?t=36995,," 3,45 ",, 16 pots  les 16 pots de 125g  1.72 € / KG , les 16 pots de 125g , 1.72 € / KG ,,https://www.carrefour.fr/images/badges/flag-nutriscore-b.svg, 16 pots 
 Yaourt bio nature CARREFOUR BIO ,https://www.carrefour.fr/p/yaourt-bio-nature-carrefour-bio-3245413442338?t=36995,," 2,59 ", Prime Bio , 12 pots  les 12 pots de 125g  1.73 € / KG , les 12 pots de 125g , 1.73 € / KG ,,https://www.carrefour.fr/images/badges/flag-common-organic.svg, 12 pots 
 Fromage blanc SIMPL ,https://www.carrefour.fr/p/fromage-blanc-simpl-3245414638938?t=36995,," 1,79 ",, 1 pot  le pot d'1Kg  1.79 € / KG , le pot d'1Kg , 1.79 € / KG ,,https://www.carrefour.fr/images/badges/flag-nutriscore-a.svg, 1 pot 
 Yaourt nature Bio CARREFOUR BIO ,https://www.carrefour.fr/p/yaourt-nature-bio-carrefour-bio-3560070845408?t=36995,https://media.carrefour.fr/medias/72344f1fe64c31f39b4d489c54783617/p_200x200/3560070845408-photosite-20161003-081835-0.jpg," 0,90 ", Prime Bio , 4 pots  les 4 pots de 125g  1.80 € / KG , les 4 pots de 125g , 1.80 € / KG ,,https://www.carrefour.fr/images/badges/flag-common-organic.svg, 4 pots 
 Yaourt Bifidus vanille CARREFOUR CLASSIC' ,https://www.carrefour.fr/p/yaourt-bifidus-vanille-carrefour-classic-3245412570490?t=36995,https://media.carrefour.fr/medias/cca5f73f18123d159c79142f4d120600/p_200x200/3245412570490-photosite-20210528-182443-0.jpg," 2,85 ",, 12 pots  les 12 pots de 125g  1.90 € / KG , les 12 pots de 125g , 1.90 € / KG ,,https://www.carrefour.fr/images/badges/flag-nutriscore-b.svg, 12 pots 
 Yaourts à boire Ptit'Yab framboise CARREFOUR SENSATION ,https://www.carrefour.fr/p/yaourts-a-boire-ptit-yab-framboise-carrefour-sensation-3560071421694?t=36995,https://media.carrefour.fr/medias/f51adc87f92437f4b57b9bad37b08211/p_200x200/3560071421694-0.jpg," 2,09 ",, 6 bouteilles  les 6 bouteilles de 180g  1.94 € / KG , les 6 bouteilles de 180g , 1.94 € / KG ,,https://www.carrefour.fr/images/badges/flag-nutriscore-b.svg, 6 bouteilles 
 Fromage blanc nature 3% MG CARREFOUR CLASSIC' ,https://www.carrefour.fr/p/fromage-blanc-nature-3-mg-carrefour-classic-3270190021087?t=36995,https://media.carrefour.fr/medias/8ed0487021453b329763642699112261/p_200x200/3270190021087-photosite-20210611-211848-0.jpg," 1,95 ", Prime Nutri-Score A , 1 pot  le pot d'1Kg  1.95 € / KG , le pot d'1Kg , 1.95 € / KG ,,https://www.carrefour.fr/images/badges/flag-nutriscore-a.svg, 1 pot 
 Yaourt aux fruits avec morceaux CARREFOUR CLASSIC' ,https://www.carrefour.fr/p/yaourt-aux-fruits-avec-morceaux-carrefour-classic-3270190023302?t=36995,https://media.carrefour.fr/medias/dc85b5083df23c0bbb935cd0c37a56b1/p_200x200/3270190023302-photosite-20210820-180445-0.jpg," 3,95 ",, 16 Pots  les 16 pots de 125g  1.98 € / KG , les 16 pots de 125g , 1.98 € / KG ,,, 16 Pots 
 Fromage blanc nature 0% MG CARREFOUR CLASSIC' ,https://www.carrefour.fr/p/fromage-blanc-nature-0-mg-carrefour-classic-3270190020936?t=36995,https://media.carrefour.fr/medias/814294f3510536b68cab6f1c44534ddc/p_200x200/3270190020936-photosite-20210601-185240-0.jpg," 1,99 ", Prime Nutri-Score A , 1 pot  le pot d'1Kg  1.99 € / KG , le pot d'1Kg , 1.99 € / KG ,,https://www.carrefour.fr/images/badges/flag-common-fatfree.svg, 1 pot 
 Yaourt À Boire Saveur Vanille ,https://www.carrefour.fr/p/yaourt-a-boire-saveur-vanille-3412290005165?t=36995,https://media.carrefour.fr/medias/183b23e3329c306b9b967ad77f966e0a/p_200x200/3412290005165-0.jpg," 0,38 ",, 180g  la bouteille de 180g  2.11 € / KG , la bouteille de 180g , 2.11 € / KG ,,, 180g 
 Yaourts pâtissiers 6 recettes CARREFOUR ORIGINAL ,https://www.carrefour.fr/p/yaourts-patissiers-6-recettes-carrefour-original-3560071416652?t=36995,https://media.carrefour.fr/medias/e3059d2cca7734af8fb39a57c5b1bdf4/p_200x200/3560071416652-0.jpg," 3,19 ",, les 12 pots de 125g  2.13 € / KG , les 12 pots de 125g , 2.13 € / KG ,,https://www.carrefour.fr/images/badges/flag-nutriscore-b.svg, 2.13 € / KG 
 Yaourt à boire vanille fraise framboise petit yab CARREFOUR SENSATION ,https://www.carrefour.fr/p/yaourt-a-boire-vanille-fraise-framboise-petit-yab-carrefour-sensation-3560071221522?t=36995,https://media.carrefour.fr/medias/2d6fdaf0cb9c3ec7bb557ac1110b382b/p_200x200/3560071221522-0.jpg," 2,39 ",, 6 bouteilles  les 6 bouteilles de 180g  2.21 € / KG , les 6 bouteilles de 180g , 2.21 € / KG ,,https://www.carrefour.fr/images/badges/flag-nutriscore-b.svg, 6 bouteilles 
 Pain tranché farines complètes CARREFOUR ORIGINAL ,https://www.carrefour.fr/p/pain-tranche-farines-completes-carrefour-original-3560071499402?t=29019,https://media.carrefour.fr/medias/1c58b4bc6a3831e3a974455fedb707ac/p_200x200/3560071499402-0.jpg," 2,75 ",, le paquet de 8 tranches - 500g  5.50 € / KG , le paquet de 8 tranches - 500g , 5.50 € / KG ,,https://www.carrefour.fr/images/badges/flag-nutriscore-a.svg, 5.50 € / KG 
 Pavé tranché nature CARREFOUR ORIGINAL ,https://www.carrefour.fr/p/pave-tranche-nature-carrefour-original-3560071499433?t=29019,https://media.carrefour.fr/medias/2f74cc73ece831f7bb3717d47fb5422f/p_200x200/3560071499433-photosite-2023129-214122-1.jpg," 2,39 ",, le pain de 400g  5.98 € / KG , le pain de 400g , 5.98 € / KG ,,https://www.carrefour.fr/images/badges/flag-nutriscore-b.svg, 5.98 € / KG 
 Baguette CARREFOUR BIO ,https://www.carrefour.fr/p/baguette-carrefour-bio-3276559526392?t=29019,https://media.carrefour.fr/medias/a505baafa1693feda68a3a341011e2ce/p_200x200/3276559526392-photosite-20171021-043833-0.jpg," 1,29 ", Prime Bio , 250g  la baguette de 250g  5.16 € / KG , la baguette de 250g , 5.16 € / KG ,,https://www.carrefour.fr/images/badges/flag-common-organic.svg, 250g 
 Baguette Bio aux graines CARREFOUR BIO ,https://www.carrefour.fr/p/baguette-bio-aux-graines-carrefour-bio-3523680416802?t=29019,," 1,39 ", Prime Bio , 250g  la baguette de 250g  5.56 € / KG , la baguette de 250g , 5.56 € / KG ,,https://www.carrefour.fr/images/badges/flag-common-organic.svg, 250g 
 Baguette CARREFOUR BIO ,https://www.carrefour.fr/p/baguette-carrefour-bio-3276550086963?t=29019,," 1,29 ", Prime Bio , 250g  la baguette de 250g  5.16 € / KG , la baguette de 250g , 5.16 € / KG ,,https://www.carrefour.fr/images/badges/flag-common-organic.svg, 250g 
 Baguette bio aux graines CARREFOUR BIO ,https://www.carrefour.fr/p/baguette-bio-aux-graines-carrefour-bio-3523680353671?t=29019,," 1,39 ", Prime Bio , 250g  la baguette de 250g  5.56 € / KG , la baguette de 250g , 5.56 € / KG ,,https://www.carrefour.fr/images/badges/flag-common-organic.svg, 250g 
 Baguettes Rustiques ,https://www.carrefour.fr/p/baguettes-rustiques-3276550272403?t=29019,," 2,97 ",, 4 pièces  le lot de 3 + 1 offerte  2.97 € / KG , le lot de 3 + 1 offerte , 2.97 € / KG ,,, 4 pièces 
 Baguettes ,https://www.carrefour.fr/p/baguettes-3276550350606?t=29019,," 2,97 ",, 4 pièces  le lot de 3 + 1 offerte  2.97 € / KG , le lot de 3 + 1 offerte , 2.97 € / KG ,,, 4 pièces 
 Baguette Campagnarde FILIERE QUALITE CARREFOUR ,https://www.carrefour.fr/p/baguette-campagnarde-filiere-qualite-carrefour-3276550350613?t=29019,," 2,97 ",, 4 pièces  le lot de 3 + 1 offerte de 250g  2.97 € / KG , le lot de 3 + 1 offerte de 250g , 2.97 € / KG ,,https://www.carrefour.fr/images/badges/flag-common-qualityline.svg, 4 pièces 
 Baguettes campagnardes FILIERE QUALITE CARREFOUR ,https://www.carrefour.fr/p/baguettes-campagnardes-filiere-qualite-carrefour-3276550272410?t=29019,," 2,97 ",, 4 pièces  Lot de 3+1 offerte  2.97 € / KG , Lot de 3+1 offerte , 2.97 € / KG ,,https://www.carrefour.fr/images/badges/flag-common-qualityline.svg, 4 pièces 
 Baguette Rustique cuite sur place CARREFOUR ,https://www.carrefour.fr/p/baguette-rustique-cuite-sur-place-carrefour-3276550243427?t=29019,," 0,60 ",, la baguette de 250g  2.40 € / KG , la baguette de 250g , 2.40 € / KG ,,https://www.carrefour.fr/images/badges/flag-nutriscore-b.svg, 2.40 € / KG 
 Baguette sans sel ,https://www.carrefour.fr/p/baguette-sans-sel-3523680276246?t=29019,," 1,09 ",, la baguette de 250 g  4.36 € / KG , la baguette de 250 g , 4.36 € / KG ,,, 4.36 € / KG 
 Baguette campagnarde FILIERE QUALITE CARREFOUR ,https://www.carrefour.fr/p/baguette-campagnarde-filiere-qualite-carrefour-3276558853451?t=29019,," 0,99 ",, 250g  la baguette de 250g  3.96 € / KG , la baguette de 250g , 3.96 € / KG ,,https://www.carrefour.fr/images/badges/flag-common-qualityline.svg, 250g 
 Baguetine campagne FILIERE QUALITE CARREFOUR ,https://www.carrefour.fr/p/baguetine-campagne-filiere-qualite-carrefour-3276559529683?t=29019,," 0,75 ",, 125g  la baguette de 125g  6.00 € / KG , la baguette de 125g , 6.00 € / KG ,,https://www.carrefour.fr/images/badges/flag-common-qualityline.svg, 125g 
 Déjeunettes viennoises ,https://www.carrefour.fr/p/dejeunettes-viennoises-3276550564805?t=29019,," 1,65 ",, 2 pièces  les 2 déjeunettes de 125g  6.60 € / KG , les 2 déjeunettes de 125g , 6.60 € / KG , FRANCE ,https://www.carrefour.fr/images/badges/flag-origin-france.svg, 2 pièces 
 Baguette à l'épeautre FILIERE QUALITE CARREFOUR ,https://www.carrefour.fr/p/baguette-a-l-epeautre-filiere-qualite-carrefour-3523680330139?t=29019,," 1,40 ",, 250g  la baguette de 250g  5.60 € / KG , la baguette de 250g , 5.60 € / KG ,,https://www.carrefour.fr/images/badges/flag-common-qualityline.svg, 250g 
 Baguette campagnarde FILIERE QUALITE CARREFOUR ,https://www.carrefour.fr/p/baguette-campagnarde-filiere-qualite-carrefour-3276550087069?t=29019,," 0,99 ",, 250g  la baguette de 250g  3.96 € / KG , la baguette de 250g , 3.96 € / KG ,,https://www.carrefour.fr/images/badges/flag-common-qualityline.svg, 250g 
 Baguette CARREFOUR ,https://www.carrefour.fr/p/baguette-carrefour-3276551080656?t=29019,," 0,99 ",, 250g  la baguette de 250g  3.96 € / KG , la baguette de 250g , 3.96 € / KG ,,, 250g 
 Baguetines rustiques ,https://www.carrefour.fr/p/baguetines-rustiques-3523680285873?t=29019,," 2,70 ",, 5 pièces  le lot de 5 de 125g  4.32 € / KG , le lot de 5 de 125g , 4.32 € / KG ,,, 5 pièces 
 Baguette Rustique CARREFOUR ,https://www.carrefour.fr/p/baguette-rustique-carrefour-3276559526460?t=29019,," 0,99 ",, 250g  la baguette de 250g  3.96 € / KG , la baguette de 250g , 3.96 € / KG ,,, 250g 
 Baguettes ,https://www.carrefour.fr/p/baguettes-3276555770003?t=29019,," 5,90 ",, 11 pièces  le lot de 10 + 1 offerte  2.15 € / KG , le lot de 10 + 1 offerte , 2.15 € / KG ,,, 11 pièces 
 Baguette céréales CARREFOUR ,https://www.carrefour.fr/p/baguette-cereales-carrefour-3276550002307?t=29019,," 1,19 ",, 250g  la baguette de 250g  4.76 € / KG , la baguette de 250g , 4.76 € / KG ,,, 250g 
 Baguettes ,https://www.carrefour.fr/p/baguettes-3289664183404?t=29019,," 2,95 ",, 5 pièces  le lot de 5  2.36 € / KG , le lot de 5 , 2.36 € / KG ,,, 5 pièces 
 Baguette pauvre en sel ,https://www.carrefour.fr/p/baguette-pauvre-en-sel-3276550264965?t=29019,," 0,99 ",, la pièce  la baguette - 250g  3.96 € / KG , la baguette - 250g , 3.96 € / KG ,,, la pièce 
 Déjeunettes ,https://www.carrefour.fr/p/dejeunettes-3276550564607?t=29019,," 1,89 ",, 4 pièces  le lot de 4 - 400g  3.78 € / KG , le lot de 4 - 400g , 3.78 € / KG ,,, 4 pièces 
 Déjeunettes ,https://www.carrefour.fr/p/dejeunettes-3276550564416?t=29019,," 4,30 ",, le lot de 10 - 1 kg  3.44 € / KG , le lot de 10 - 1 kg , 3.44 € / KG ,,, 3.44 € / KG 
 Déjeunette rustiques CARREFOUR ,https://www.carrefour.fr/p/dejeunette-rustiques-carrefour-3523680298743?t=29019,," 2,00 ",, 3 pièces  le lot de 3 - 300g  6.67 € / KG , le lot de 3 - 300g , 6.67 € / KG ,,, 3 pièces 
 Déjeunettes ,https://www.carrefour.fr/p/dejeunettes-3523680255845?t=29019,," 5,00 ",," 12 pièces  le lot de 10 + 2 offertes - 1,2Kg  4.17 € / KG "," le lot de 10 + 2 offertes - 1,2Kg ", 4.17 € / KG ,,, 12 pièces 
 Baguette ,https://www.carrefour.fr/p/baguette-3523680244863?t=29019,," 0,59 ",, 250g  la baguette de 250g  2.36 € / KG , la baguette de 250g , 2.36 € / KG ,,, 250g 
 Pain ,https://www.carrefour.fr/p/pain-3276550575733?t=29019,," 0,89 ",, 400g  le pain de 400g  2.22 € / KG , le pain de 400g , 2.22 € / KG ,,, 400g 
 Pâtes JO coquillettes CARREFOUR SENSATION ,https://www.carrefour.fr/p/pates-jo-coquillettes-carrefour-sensation-3560071359942?t=2143,https://media.carrefour.fr/medias/9452858a4b443556bd2379a998c7bcae/p_200x200/3560071359942-photosite-2023111-225515-1.jpg," 0,99 ",, 400g  la boite de 400g  2.48 € / KG , la boite de 400g , 2.48 € / KG ,,https://www.carrefour.fr/images/badges/flag-nutriscore-a.svg, 400g 
 Pâtes JO Penne CARREFOUR SENSATION ,https://www.carrefour.fr/p/pates-jo-penne-carrefour-sensation-3560071359973?t=2143,https://media.carrefour.fr/medias/976da63305883f61ab49b595bf32242e/p_200x200/3560071359973-0.png," 0,99 ",, la boite de 400g  2.48 € / KG , la boite de 400g , 2.48 € / KG ,,https://www.carrefour.fr/images/badges/flag-nutriscore-a.svg, 2.48 € / KG 
 Pâtes macaroni CARREFOUR CLASSIC' ,https://www.carrefour.fr/p/pates-macaroni-carrefour-classic-3560070329151?t=2143,https://media.carrefour.fr/medias/d4140d109a33333d88483363847025a6/p_200x200/3560070329151-0.jpg," 1,55 ", Prime Nutri-Score A , 1Kg  le paquet d'1Kg  1.55 € / KG , le paquet d'1Kg , 1.55 € / KG ,,https://www.carrefour.fr/images/badges/flag-nutriscore-a.svg, 1Kg 
 Riz Basmati CARREFOUR EXTRA ,https://www.carrefour.fr/p/riz-basmati-carrefour-extra-3560070837984?t=2143,," 2,79 ",, 1Kg  le paquet d'1Kg  2.79 € / KG , le paquet d'1Kg , 2.79 € / KG ,,https://www.carrefour.fr/images/badges/flag-nutriscore-a.svg, 1Kg 
 Riz Thaï CARREFOUR EXTRA ,https://www.carrefour.fr/p/riz-thai-carrefour-extra-3270190124153?t=2143,https://media.carrefour.fr/medias/3e0447440b22344bac71c08d4380897f/p_200x200/3270190124153-0.jpg," 2,25 ",, 1Kg  le paquet d'1Kg  2.25 € / KG , le paquet d'1Kg , 2.25 € / KG ,,https://www.carrefour.fr/images/badges/flag-nutriscore-b.svg, 1Kg 
 Pâtes Coquillettes CARREFOUR CLASSIC' ,https://www.carrefour.fr/p/pates-coquillettes-carrefour-classic-3560070328918?t=2143,https://media.carrefour.fr/medias/239992496011368bb3e3ccb139f14872/p_200x200/3560070328918-0.jpg," 1,55 ", Prime Nutri-Score A , 1Kg  le paquet d'1Kg  1.55 € / KG , le paquet d'1Kg , 1.55 € / KG ,,https://www.carrefour.fr/images/badges/flag-nutriscore-a.svg, 1Kg 
 Pâtes fusilli CARREFOUR ,https://www.carrefour.fr/p/pates-fusilli-carrefour-3560070329038?t=2143,," 1,55 ", Prime Nutri-Score A , 1Kg  le paquet de 1 kg  1.55 € / KG , le paquet de 1 kg , 1.55 € / KG ,,https://www.carrefour.fr/images/badges/flag-nutriscore-a.svg, 1Kg 
 Pâtes Farfalle CARREFOUR CLASSIC' ,https://www.carrefour.fr/p/pates-farfalle-carrefour-classic-3560070553990?t=2143,," 1,75 ", Prime Nutri-Score A , 1Kg  le paquet d'1Kg  1.75 € / KG , le paquet d'1Kg , 1.75 € / KG ,,https://www.carrefour.fr/images/badges/flag-nutriscore-a.svg, 1Kg 
 Pâtes Spaghetti CARREFOUR CLASSIC' ,https://www.carrefour.fr/p/pates-spaghetti-carrefour-classic-3560070328888?t=2143,," 1,55 ", Prime Nutri-Score A , 1Kg  le paquet d'1Kg  1.55 € / KG , le paquet d'1Kg , 1.55 € / KG ,,https://www.carrefour.fr/images/badges/flag-nutriscore-a.svg, 1Kg 
 Riz long grain incollable 10 min CARREFOUR CLASSIC' ,https://www.carrefour.fr/p/riz-long-grain-incollable-10-min-carrefour-classic-3560070822294?t=2143,," 1,70 ", Prime Nutri-Score A , 1Kg  la boite d'1Kg  1.70 € / KG , la boite d'1Kg , 1.70 € / KG ,,https://www.carrefour.fr/images/badges/flag-nutriscore-a.svg, 1Kg 
 Pâtes Penne rigate CARREFOUR CLASSIC' ,https://www.carrefour.fr/p/pates-penne-rigate-carrefour-classic-3560070554027?t=2143,," 1,69 ", Prime Nutri-Score A , 1Kg  le paquet d'1Kg  1.69 € / KG , le paquet d'1Kg , 1.69 € / KG ,,https://www.carrefour.fr/images/badges/flag-nutriscore-a.svg, 1Kg 
 Pâtes Coquillettes CARREFOUR CLASSIC' ,https://www.carrefour.fr/p/pates-coquillettes-carrefour-classic-3560070328857?t=2143,," 0,85 ", Prime Nutri-Score A , 500g  le paquet de 500g  1.70 € / KG , le paquet de 500g , 1.70 € / KG ,,https://www.carrefour.fr/images/badges/flag-nutriscore-a.svg, 500g 
 Pâtes Spaghetti CARREFOUR ,https://www.carrefour.fr/p/pates-spaghetti-carrefour-3560070328970?t=2143,," 0,79 ", Prime Nutri-Score A , 500g  le paquet de 500g  1.58 € / KG , le paquet de 500g , 1.58 € / KG ,,https://www.carrefour.fr/images/badges/flag-nutriscore-a.svg, 500g 
 Pâtes Fusilli CARREFOUR CLASSIC' ,https://www.carrefour.fr/p/pates-fusilli-carrefour-classic-3560070328826?t=2143,," 0,85 ", Prime Nutri-Score A , 500g  le paquet de 500g  1.70 € / KG , le paquet de 500g , 1.70 € / KG ,,https://www.carrefour.fr/images/badges/flag-nutriscore-a.svg, 500g 
 Riz basmati CARREFOUR BIO ,https://www.carrefour.fr/p/riz-basmati-carrefour-bio-3560070393619?t=2143,," 1,75 ", Prime Bio , 500g  le paquet de 500g  3.50 € / KG , le paquet de 500g , 3.50 € / KG ,,https://www.carrefour.fr/images/badges/flag-common-organic.svg, 500g 
 Pâtes fusilli Bio CARREFOUR BIO ,https://www.carrefour.fr/p/pates-fusilli-bio-carrefour-bio-3560070510078?t=2143,," 1,09 ", Prime Bio , 500g  le paquet de 500g  2.18 € / KG , le paquet de 500g , 2.18 € / KG ,,https://www.carrefour.fr/images/badges/flag-common-organic.svg, 500g 
 Pâtes penne blé complet FILIERE QUALITE CARREFOUR ,https://www.carrefour.fr/p/pates-penne-ble-complet-filiere-qualite-carrefour-3560070825486?t=2143,," 1,30 ",, 500g  le paquet de 500g  2.60 € / KG , le paquet de 500g , 2.60 € / KG ,,https://www.carrefour.fr/images/badges/flag-common-qualityline.svg, 500g 
 Riz Arborio risotto CARREFOUR EXTRA ,https://www.carrefour.fr/p/riz-arborio-risotto-carrefour-extra-3560070425235?t=2143,," 1,95 ",, 500g  le paquet de 500g  3.90 € / KG , le paquet de 500g , 3.90 € / KG ,,https://www.carrefour.fr/images/badges/flag-nutriscore-a.svg, 500g 
 Pâtes Coquillette blé complet CARREFOUR EXTRA ,https://www.carrefour.fr/p/pates-coquillette-ble-complet-carrefour-extra-3560070825509?t=2143,," 1,30 ",, 500g  le paquet de 500g  2.60 € / KG , le paquet de 500g , 2.60 € / KG ,,https://www.carrefour.fr/images/badges/flag-common-qualityline.svg, 500g 
 Pâtes Fusilli blé complet CARREFOUR EXTRA ,https://www.carrefour.fr/p/pates-fusilli-ble-complet-carrefour-extra-3560070825493?t=2143,," 1,30 ",, 500g  le paquet de 500g  2.60 € / KG , le paquet de 500g , 2.60 € / KG ,,https://www.carrefour.fr/images/badges/flag-nutriscore-a.svg, 500g 
 Pâtes coquillettes Bio CARREFOUR BIO ,https://www.carrefour.fr/p/pates-coquillettes-bio-carrefour-bio-3560071082710?t=2143,," 0,99 ", Prime Bio , 500g  le paquet de 500g  1.98 € / KG , le paquet de 500g , 1.98 € / KG ,,https://www.carrefour.fr/images/badges/flag-common-organic.svg, 500g 
 Pâtes Spaghetti blé complet CARREFOUR EXTRA ,https://www.carrefour.fr/p/pates-spaghetti-ble-complet-carrefour-extra-3560071086008?t=2143,," 1,30 ",, 500g  le paquet de 500g  2.60 € / KG , le paquet de 500g , 2.60 € / KG ,,https://www.carrefour.fr/images/badges/flag-common-qualityline.svg, 500g 
 Pâtes lasagnes CARREFOUR ,https://www.carrefour.fr/p/pates-lasagnes-carrefour-3245412738289?t=2143,," 1,55 ", Prime Nutri-Score A , 500g  la boite de 500g  3.10 € / KG , la boite de 500g , 3.10 € / KG ,,https://www.carrefour.fr/images/badges/flag-nutriscore-a.svg, 500g 
 Riz Basmati CARREFOUR EXTRA ,https://www.carrefour.fr/p/riz-basmati-carrefour-extra-3560070837052?t=2143,," 1,49 ",, 500g  le paquet de 500g  2.98 € / KG , le paquet de 500g , 2.98 € / KG ,,https://www.carrefour.fr/images/badges/flag-nutriscore-a.svg, 500g 
 Pâtes Penne Rigate CARREFOUR CLASSIC' ,https://www.carrefour.fr/p/pates-penne-rigate-carrefour-classic-3560070555390?t=2143,," 0,95 ", Prime Nutri-Score A , 500g  le paquet de 500g  1.90 € / KG , le paquet de 500g , 1.90 € / KG ,,https://www.carrefour.fr/images/badges/flag-nutriscore-a.svg, 500g 
 Pâtes Bio semi-complets penne rigate  CARREFOUR BIO ,https://www.carrefour.fr/p/pates-bio-semi-complets-penne-rigate-carrefour-bio-3560071082727?t=2143,," 0,99 ", Prime Bio , 500g  le paquet de 500g  1.98 € / KG , le paquet de 500g , 1.98 € / KG ,,https://www.carrefour.fr/images/badges/flag-common-organic.svg, 500g 
 Pâtes spaghetti Bio  CARREFOUR BIO ,https://www.carrefour.fr/p/pates-spaghetti-bio-carrefour-bio-3270190127833?t=2143,," 0,99 ", Prime Bio , 500g  le paquet de 500g  1.98 € / KG , le paquet de 500g , 1.98 € / KG ,,https://www.carrefour.fr/images/badges/flag-common-organic.svg, 500g 
 Crozets de Savoie REFLETS DE FRANCE ,https://www.carrefour.fr/p/crozets-de-savoie-reflets-de-france-3245390065926?t=2143,," 2,69 ",, 400g  le paquet de 400g  6.72 € / KG , le paquet de 400g , 6.72 € / KG ,,https://www.carrefour.fr/images/badges/flag-common-regional.svg, 400g 
 Riz long grain incollable 10 min CARREFOUR CLASSIC' ,https://www.carrefour.fr/p/riz-long-grain-incollable-10-min-carrefour-classic-3560070822270?t=2143,," 1,85 ", Prime Nutri-Score A , 5x200g  les 5 sachets de 200g  1.85 € / KG , les 5 sachets de 200g , 1.85 € / KG ,,https://www.carrefour.fr/images/badges/flag-nutriscore-a.svg, 5x200g 
 Riz long grain étuvé CARREFOUR ,https://www.carrefour.fr/p/riz-long-grain-etuve-carrefour-3560070924073?t=2143,," 0,89 ",, 4 sachets de 125g  la boite de 500g  1.78 € / KG , la boite de 500g , 1.78 € / KG ,,, 4 sachets de 125g 
" Jus Multifruits Fraise, Pastèque, Pomme Et Twist De Menthe  INNOCENT ",https://www.carrefour.fr/p/jus-multifruits-fraise-pasteque-pomme-et-twist-de-menthe-innocent-5038862433099?t=27072,https://media.carrefour.fr/medias/30227298fd803f34b1ae7b4c49d79359/p_200x200/05038862433099-a1r1-s02.jpg," 3,55 ",, 750mL  la bouteille de 750mL  4.73 € / L , la bouteille de 750mL , 4.73 € / L ,,, 750mL 
 Jus de pomme 100% pur jus CARREFOUR BIO ,https://www.carrefour.fr/p/jus-de-pomme-100-pur-jus-carrefour-bio-3560070820597?t=27072,https://media.carrefour.fr/medias/ebf5d9e597ea3a8a97c06dce46cb8774/p_200x200/3560070820597-0.jpg," 1,75 ",, 1L  la brique de1L  1.75 € / L , la brique de1L , 1.75 € / L ,,https://www.carrefour.fr/images/badges/flag-common-organic.svg, 1L 
 Jus de pomme 100% pur jus CARREFOUR EXTRA ,https://www.carrefour.fr/p/jus-de-pomme-100-pur-jus-carrefour-extra-3560070797493?t=27072,https://media.carrefour.fr/medias/6141e37a73913bbaaf20bd00452f4912/p_200x200/3560070797493-0.jpg," 1,39 ",, 1L  La brique de1L  1.39 € / L , La brique de1L , 1.39 € / L ,,https://www.carrefour.fr/images/badges/flag-common-fsc.svg, 1L 
 Jus de raisin bio 100% pur jus CARREFOUR BIO ,https://www.carrefour.fr/p/jus-de-raisin-bio-100-pur-jus-carrefour-bio-3560070820566?t=27072,https://media.carrefour.fr/medias/1957550d8e8d369aa2669cae69d3f32d/p_200x200/3560070820566-photosite-20200724-173822-0.jpg," 2,29 ",, 1L  La brique de1L  2.29 € / L , La brique de1L , 2.29 € / L ,,https://www.carrefour.fr/images/badges/flag-common-organic.svg, 1L 
 Nectar d'orange doux et sans pulpe Bio PRESSADE ,https://www.carrefour.fr/p/nectar-d-orange-doux-et-sans-pulpe-bio-pressade-3254691586085?t=27072,https://media.carrefour.fr/medias/3aa938e314bc3604ba6a66e6d5cee83e/p_200x200/03254691586085-h1n1-s05.jpg," 2,27 ",," 1,5L  la brique d'1,5L  1.51 € / L "," la brique d'1,5L ", 1.51 € / L ,,https://www.carrefour.fr/images/badges/flag-common-organic.svg," 1,5L "
 Jus d'orange 100% pur jus sans pulpe CARREFOUR EXTRA ,https://www.carrefour.fr/p/jus-d-orange-100-pur-jus-sans-pulpe-carrefour-extra-3560070478637?t=27072,https://media.carrefour.fr/medias/868d5af7af253d759cdede8531b0f3c9/p_200x200/3560070478637-0.jpg," 1,75 ",, 1L  la brique d'1L  1.75 € / L , la brique d'1L , 1.75 € / L ,,https://www.carrefour.fr/images/badges/flag-common-fsc.svg, 1L 
 Jus d'orange sans pulpe CARREFOUR CLASSIC' ,https://www.carrefour.fr/p/jus-d-orange-sans-pulpe-carrefour-classic-3270190192794?t=27072,," 1,56 ",, 1L  la brique de1L  1.56 € / L , la brique de1L , 1.56 € / L ,,https://www.carrefour.fr/images/badges/flag-common-fsc.svg, 1L 
 Jus d'orange pur jus avec pulpe CARREFOUR EXTRA ,https://www.carrefour.fr/p/jus-d-orange-pur-jus-avec-pulpe-carrefour-extra-3560070717712?t=27072,," 2,15 ",, 1L  la bouteille de 1L  2.15 € / L , la bouteille de 1L , 2.15 € / L ,,https://www.carrefour.fr/images/badges/flag-common-addedsugarfree.svg, 1L 
 Jus D'Orange Avec Pulpe CARREFOUR EXTRA ,https://www.carrefour.fr/p/jus-d-orange-avec-pulpe-carrefour-extra-3270190023975?t=27072,," 2,25 ",, 1L  la brique de 1L  2.25 € / L , la brique de 1L , 2.25 € / L ,,https://www.carrefour.fr/images/badges/flag-nutriscore-c.svg, 1L 
 Jus D'Orange Sans Pulpe CARREFOUR EXTRA ,https://www.carrefour.fr/p/jus-d-orange-sans-pulpe-carrefour-extra-3560070370566?t=27072,," 2,05 ",, 1L  la brique de 1L  2.05 € / L , la brique de 1L , 2.05 € / L ,,https://www.carrefour.fr/images/badges/flag-nutriscore-b.svg, 1L 
 Jus D'Orange Bio Sans Pulpe CARREFOUR BIO ,https://www.carrefour.fr/p/jus-d-orange-bio-sans-pulpe-carrefour-bio-3560071321109?t=27072,," 2,55 ", Prime Bio , 90cL  la bouteille de 90cL  2.83 € / L , la bouteille de 90cL , 2.83 € / L ,,https://www.carrefour.fr/images/badges/flag-common-organic.svg, 90cL 
 Jus d'orange pur jus sans pulpe CARREFOUR BIO ,https://www.carrefour.fr/p/jus-d-orange-pur-jus-sans-pulpe-carrefour-bio-3560070820542?t=27072,," 2,30 ",, 1L  la brique de1L  2.30 € / L , la brique de1L , 2.30 € / L ,,https://www.carrefour.fr/images/badges/flag-common-organic.svg, 1L 
 Jus d'orange sans pulpe CARREFOUR EXTRA ,https://www.carrefour.fr/p/jus-d-orange-sans-pulpe-carrefour-extra-3245412373039?t=27072,," 2,99 ",, 2L  la brique de 2L  1.50 € / L , la brique de 2L , 1.50 € / L ,,https://www.carrefour.fr/images/badges/flag-common-fsc.svg, 2L 
 Jus d'oranges sans pulpe CARREFOUR EXTRA ,https://www.carrefour.fr/p/jus-d-oranges-sans-pulpe-carrefour-extra-3560070609345?t=27072,," 2,80 ",, 2L  la bouteille de 2L  1.40 € / L , la bouteille de 2L , 1.40 € / L ,,https://www.carrefour.fr/images/badges/flag-common-addedsugarfree.svg, 2L 
 Jus d'orange 100% fruit pressé ,https://www.carrefour.fr/p/jus-d-orange-100-fruit-presse-3560070332670?t=27072,," 1,47 ",, 1L  la bouteille de 1L  1.47 € / L , la bouteille de 1L , 1.47 € / L ,,https://www.carrefour.fr/images/badges/flag-nutriscore-c.svg, 1L 
 Jus d'orange bio sans sucres ajoutés CARREFOUR BIO ,https://www.carrefour.fr/p/jus-d-orange-bio-sans-sucres-ajoutes-carrefour-bio-3560071248727?t=27072,," 2,49 ", Prime Bio , 1L  la bouteille de 1L  2.49 € / L , la bouteille de 1L , 2.49 € / L ,,https://www.carrefour.fr/images/badges/flag-common-organic.svg, 1L 
 Jus d'orange 100% pur jus sans pulpe CARREFOUR EXTRA ,https://www.carrefour.fr/p/jus-d-orange-100-pur-jus-sans-pulpe-carrefour-extra-3560070167470?t=27072,," 2,17 ",," 1,5L  la bouteille d'1,5L  1.45 € / L "," la bouteille d'1,5L ", 1.45 € / L ,,https://www.carrefour.fr/images/badges/flag-common-addedsugarfree.svg," 1,5L "
 Jus d'orange pur jus sans pulpe CARREFOUR EXTRA ,https://www.carrefour.fr/p/jus-d-orange-pur-jus-sans-pulpe-carrefour-extra-3560070823246?t=27072,," 1,57 ",, 1L  la bouteille de 1L  1.57 € / L , la bouteille de 1L , 1.57 € / L ,,https://www.carrefour.fr/images/badges/flag-common-addedsugarfree.svg, 1L 
 Jus D'Orange 100% Pur Jus Sans Pulpe CARREFOUR EXTRA ,https://www.carrefour.fr/p/jus-d-orange-100-pur-jus-sans-pulpe-carrefour-extra-3560071182229?t=27072,," 3,19 ",," 1,5L  la bouteille de 1,5L  2.13 € / L "," la bouteille de 1,5L ", 2.13 € / L ,,https://www.carrefour.fr/images/badges/flag-nutriscore-c.svg," 1,5L "
 Jus de pamplemousse CARREFOUR CLASSIC' ,https://www.carrefour.fr/p/jus-de-pamplemousse-carrefour-classic-3560070115044?t=27072,," 1,55 ",, 1L  la bouteille de 1L  1.55 € / L , la bouteille de 1L , 1.55 € / L ,,https://www.carrefour.fr/images/badges/flag-common-fsc.svg, 1L 
 Jus de pamplemousse 100% pur jus CARREFOUR EXTRA ,https://www.carrefour.fr/p/jus-de-pamplemousse-100-pur-jus-carrefour-extra-3560070278831?t=27072,," 1,99 ",, 1L  la bouteille de 1L  1.99 € / L , la bouteille de 1L , 1.99 € / L ,,https://www.carrefour.fr/images/badges/flag-common-addedsugarfree.svg, 1L 
 Jus de clémentine CARREFOUR EXTRA ,https://www.carrefour.fr/p/jus-de-clementine-carrefour-extra-3560070583348?t=27072,," 2,29 ",, 1L  la bouteille de 1L  2.29 € / L , la bouteille de 1L , 2.29 € / L ,,https://www.carrefour.fr/images/badges/flag-common-addedsugarfree.svg, 1L 
 Jus de citron bio CARREFOUR BIO ,https://www.carrefour.fr/p/jus-de-citron-bio-carrefour-bio-3560071227692?t=27072,," 2,49 ", Prime Bio ," le flacon de 0,5L  4.98 € / L "," le flacon de 0,5L ", 4.98 € / L ,,https://www.carrefour.fr/images/badges/flag-common-organic.svg, 4.98 € / L 
 Jus multifruits 100% pur jus CARREFOUR EXTRA ,https://www.carrefour.fr/p/jus-multifruits-100-pur-jus-carrefour-extra-3560070215713?t=27072,," 3,09 ",, 2L  Le pack de 2L  1.54 € / L , Le pack de 2L , 1.54 € / L ,,https://www.carrefour.fr/images/badges/flag-common-fsc.svg, 2L 
 Nectar multifruits SIMPL ,https://www.carrefour.fr/p/nectar-multifruits-simpl-3560070825813?t=27072,," 1,40 ",, 2L  la brique de 2L  0.70 € / L , la brique de 2L , 0.70 € / L ,,https://www.carrefour.fr/images/badges/flag-common-fsc.svg, 2L 
 Jus de fruits multifruits CARREFOUR CLASSIC' ,https://www.carrefour.fr/p/jus-de-fruits-multifruits-carrefour-classic-3560070471232?t=27072,," 1,35 ",, 1L  La brique de1L  1.35 € / L , La brique de1L , 1.35 € / L ,,https://www.carrefour.fr/images/badges/flag-common-fsc.svg, 1L 
 Jus de fruits multifruits CARREFOUR EXTRA ,https://www.carrefour.fr/p/jus-de-fruits-multifruits-carrefour-extra-3560070430215?t=27072,," 2,40 ",," 1,5L  la bouteille d'1,5L  1.60 € / L "," la bouteille d'1,5L ", 1.60 € / L ,,https://www.carrefour.fr/images/badges/flag-nutriscore-c.svg," 1,5L "
 Jus de fruits multifruits CARREFOUR EXTRA ,https://www.carrefour.fr/p/jus-de-fruits-multifruits-carrefour-extra-3560070275328?t=27072,," 1,65 ",, 1L  la bouteille d'1L  1.65 € / L , la bouteille d'1L , 1.65 € / L ,,https://www.carrefour.fr/images/badges/flag-common-addedsugarfree.svg, 1L 
 Nectar de pomme SIMPL ,https://www.carrefour.fr/p/nectar-de-pomme-simpl-3560070825271?t=27072,," 0,65 ",, 1L  la brique de1L  0.65 € / L , la brique de1L , 0.65 € / L ,,https://www.carrefour.fr/images/badges/flag-common-fsc.svg, 1L 
 Jus de pomme CARREFOUR CLASSIC' ,https://www.carrefour.fr/p/jus-de-pomme-carrefour-classic-3560070828708?t=27072,," 1,05 ",, 1L  la bouteille de 1L  1.05 € / L , la bouteille de 1L , 1.05 € / L ,,https://www.carrefour.fr/images/badges/flag-common-fsc.svg, 1L 
