web-scraper-order,web-scraper-start-url,produit
"1706540408-1","https://www.auchan.fr/fruits-legumes/fruits/ca-n0301","Nouveauté
    
        
        
        
        4
    

    
    CULTIVONS LE BON Kiwis
france5 pièces0,86€ / pce
    Avec ma livraison
    
4,29€
    
    
    
    
    
    
    
        
                
                Ajouter au panier"
"1706540408-2","https://www.auchan.fr/fruits-legumes/fruits/ca-n0301","C'est de saison !
    
        
        
        
        27
    

    
    Clémentines à déguster
espagne1,5kg3,13€ / kg
    Avec ma livraison
    
4,69€
    
    
    
    
    
    
    
        
                
                Ajouter au panier"
"1706540408-3","https://www.auchan.fr/fruits-legumes/fruits/ca-n0301","C'est de saison !
    
        
        
        
        24
    

    
    Oranges à déguster
espagne2kg1,65€ / kg
    Avec ma livraison
    
3,29€
    
    
    
    
    
    
    
        
                
                Ajouter au panier"
"1706540408-4","https://www.auchan.fr/fruits-legumes/fruits/ca-n0301","C'est de saison !
    
        
        
        
        19
    

    
    Oranges à déguster
espagne3kg1,50€ / kg
    Avec ma livraison
    
4,49€
    
    
    
    
    
    
    
        
                
                Ajouter au panier"
"1706540408-5","https://www.auchan.fr/fruits-legumes/fruits/ca-n0301","Nouveauté
    
        
        
        
        9
    

    
    Citrons jaunes à jus
espagne1kg2,99€ / kg
    Avec ma livraison
    
2,99€
    
    
    
    
    
    
    
        
                
                Ajouter au panier"
"1706540408-6","https://www.auchan.fr/fruits-legumes/fruits/ca-n0301","Nouveauté
    

    
    Oranges Maltaise
tunisie1,5kg3,99€ / kg
    Avec ma livraison
    
3,99€
    
    
    
    
    
    
    
        
                
                Ajouter au panier"
"1706540408-7","https://www.auchan.fr/fruits-legumes/fruits/ca-n0301","Nouveauté
    
        
        
        
        8
    
AUCHAN BIO
    Mandarines
espagne1kg3,99€ / kg
    Avec ma livraison
    
3,99€
    
    
    
    
    
    
    
        
                
                Ajouter au panier"
"1706540408-8","https://www.auchan.fr/fruits-legumes/fruits/ca-n0301","C'est de saison !
    
        
        
        
        18
    

    
    Mandarines Pitufo plateau
espagne2,3kg2,60€ / kg
    Avec ma livraison
    
5,99€
    
    
    
    
    
    
    
        
                
                Ajouter au panier"
"1706540408-9","https://www.auchan.fr/fruits-legumes/fruits/ca-n0301","C'est de saison !
    
        
        
        
        13
    

    
    Mandarines
espagne2kg2,35€ / kg
    Avec ma livraison
    
4,69€
    
    
    
    
    
    
    
        
                
                Ajouter au panier"
"1706540408-10","https://www.auchan.fr/fruits-legumes/fruits/ca-n0301","Nouveauté
    
        
        
        
        6
    

    
    Oranges sanguines Moro
italie1,5kg3,33€ / kg
    Avec ma livraison
    
4,99€
    
    
    
    
    
    
    
        
                
                Ajouter au panier"
"1706540408-11","https://www.auchan.fr/fruits-legumes/fruits/ca-n0301","C'est de saison !
    
        
        
        
        12
    
AUCHAN BIO
    Oranges à déguster
espagne1kg3,19€ / kg
    Avec ma livraison
    
3,19€
    
    
    
    
    
    
    
        
                
                Ajouter au panier"
"1706540408-12","https://www.auchan.fr/fruits-legumes/fruits/ca-n0301","C'est de saison !
    
        
        
        
        8
    
AUCHAN BIO
    Oranges à jus
espagne1,5kg2,99€ / kg
    Avec ma livraison
    
4,49€
    
    
    
    
    
    
    
        
                
                Ajouter au panier"
"1706540408-13","https://www.auchan.fr/fruits-legumes/fruits/ca-n0301","C'est de saison !
    
        
        
        
        23
    

    
    Oranges à jus
espagne3kg2,00€ / kg
    Avec ma livraison
    
5,99€
    
    
    
    
    
    
    
        
                
                Ajouter au panier"
"1706540408-14","https://www.auchan.fr/fruits-legumes/fruits/ca-n0301","C'est de saison !
    
        
        
        
        5
    

    
    Orange à déguster
espagne1 pièce0,85€ / pce
    Avec ma livraison
    
0,85€
    
    
    
    
    
    
    
        
                
                Ajouter au panier"
"1706540408-15","https://www.auchan.fr/fruits-legumes/fruits/ca-n0301","C'est de saison !
    
        
        
        
        12
    

    
    Oranges à jus
espagne2kg2,25€ / kg
    Avec ma livraison
    
4,49€
    
    
    
    
    
    
    
        
                
                Ajouter au panier"
"1706540408-16","https://www.auchan.fr/fruits-legumes/fruits/ca-n0301","C'est de saison !
    
        
        
        
        3
    

    
    Oranges sanguines Tarocco
italie1,5kg2,99€ / kg
    Avec ma livraison
    
4,49€
    
    
    
    
    
    
    
        
                
                Ajouter au panier"
"1706540408-17","https://www.auchan.fr/fruits-legumes/fruits/ca-n0301","2
    
AUCHAN BIO
    Citrons Corse
france4 pièces11,16€ / kg
    Avec ma livraison
    
2,79€
    
    
    
    
    
    
    
        
                
                Ajouter au panier"
"1706540408-18","https://www.auchan.fr/fruits-legumes/fruits/ca-n0301","3
    

    
    Citrons verts
bresil500g5,38€ / kg
    Avec ma livraison
    
2,69€
    
    
    
    
    
    
    
        
                
                Ajouter au panier"
"1706540408-19","https://www.auchan.fr/fruits-legumes/fruits/ca-n0301","6
    

    
    Citron jaune
espagne1 pièce0,55€ / pce
    Avec ma livraison
    
0,55€
    
    
    
    
    
    
    
        
                
                Ajouter au panier"
"1706540408-20","https://www.auchan.fr/fruits-legumes/fruits/ca-n0301","9
    

    
    Citrons jaunes non traités après récolte
espagne500g3,98€ / kg
    Avec ma livraison
    
1,99€
    
    
    
    
    
    
    
        
                
                Ajouter au panier"
"1706540408-21","https://www.auchan.fr/fruits-legumes/fruits/ca-n0301","10
    

    
    Citrons jaunes
espagne500g1,98€ / kg
    Avec ma livraison
    
0,99€
    
    
    
    
    
    
    
        
                
                Ajouter au panier"
"1706540408-22","https://www.auchan.fr/fruits-legumes/fruits/ca-n0301","5
    

    
    Citron jaune bio
espagne1 pièce0,89€ / pce
    Avec ma livraison
    
0,89€
    
    
    
    
    
    
    
        
                
                Ajouter au panier"
"1706540408-23","https://www.auchan.fr/fruits-legumes/fruits/ca-n0301","5
    

    
    Citron vert
mexique1 pièce0,55€ / pce
    Avec ma livraison
    
0,55€
    
    
    
    
    
    
    
        
                
                Ajouter au panier"
"1706540408-24","https://www.auchan.fr/fruits-legumes/fruits/ca-n0301","C'est de saison !
    
        
        
        
        11
    

    
    Pomelo rose
israel1 pièce1,29€ / pce
    Avec ma livraison
    
1,29€
    
    
    
    
    
    
    
        
                
                Ajouter au panier"
"1706540408-25","https://www.auchan.fr/fruits-legumes/fruits/ca-n0301","C'est de saison !
    
        
        
        
        5
    

    
    Pomelo géant de Chine
chine1 pièce3,69€ / pce
    Avec ma livraison
    
3,69€
    
    
    
    
    
    
    
        
                
                Ajouter au panier"
"1706540408-26","https://www.auchan.fr/fruits-legumes/fruits/ca-n0301","2
    

    
    Pomelos roses pour le jus
espagne2kg2,25€ / kg
    Avec ma livraison
    
4,49€
    
    
    
    
    
    
    
        
                
                Ajouter au panier"
"1706540408-27","https://www.auchan.fr/fruits-legumes/fruits/ca-n0301","C'est de saison !
    
        
        
        
        2
    

    
    Pomelo bio
france1 pièce1,49€ / pce
    Avec ma livraison
    
1,49€
    
    
    
    
    
    
    
        
                
                Ajouter au panier"
"1706540408-28","https://www.auchan.fr/fruits-legumes/fruits/ca-n0301","2
    

    
    Filets réutilisables pour fruits et légumes
3 pièces1,29€ / pce
    Avec ma livraison
    
1,29€
    
    
    
    
    
    
    
        
                
                Ajouter au panier"
"1706540408-29","https://www.auchan.fr/fruits-legumes/fruits/ca-n0301","C'est de saison !
    
        
        
        
        10
    

    
    CULTIVONS LE BON Pommes Golden
france6 pièces0,50€ / pce
    Avec ma livraison
    
2,99€
    
    
    
    
    
    
    
        
                
                Ajouter au panier"
"1706540408-30","https://www.auchan.fr/fruits-legumes/fruits/ca-n0301","C'est de saison !
    
        
        
        
        9
    

    
    CULTIVONS LE BON Pommes Swing bio
france6 pièces0,50€ / pce
    Avec ma livraison
    
2,99€
    
    
    
    
    
    
    
        
                
                Ajouter au panier"
"1706540408-31","https://www.auchan.fr/fruits-legumes/fruits/ca-n0301","C'est de saison !
    
        
        
        
        4
    

    
    CULTIVONS LE BON Pommes Envy
france4 pièces0,50€ / pce
    Avec ma livraison
    
1,99€
    
    
    
    
    
    
    
        
                
                Ajouter au panier"
"1706540408-32","https://www.auchan.fr/fruits-legumes/fruits/ca-n0301","C'est de saison !
    
        
        
        
        10
    

    
    Pommes Pink Lady (Cripps Pink)
france6 pièces0,58€ / pce
    Avec ma livraison
    
3,49€
    
    
    
    
    
    
    
        
                
                Ajouter au panier"
"1706540408-33","https://www.auchan.fr/fruits-legumes/fruits/ca-n0301","C'est de saison !
    
        
        
        
        8
    

    
    Pommes Gala
france6 pièces0,47€ / pce
    Avec ma livraison
    
2,79€
    
    
    
    
    
    
    
        
                
                Ajouter au panier"
"1706540408-34","https://www.auchan.fr/fruits-legumes/fruits/ca-n0301","C'est de saison !
    
        
        
        
        25
    

    
    Pommes Bicolores
france2kg1,50€ / kg
    Avec ma livraison
    
2,99€
    
    
    
    
    
    
    
        
                
                Ajouter au panier"
"1706540408-35","https://www.auchan.fr/fruits-legumes/fruits/ca-n0301","C'est de saison !
    
        
        
        
        9
    
AUCHAN BIO
    Pommes Golden
france1kg4,49€ / kg
    Avec ma livraison
    
4,49€
    
    
    
    
    
    
    
        
                
                Ajouter au panier"
"1706540408-36","https://www.auchan.fr/fruits-legumes/fruits/ca-n0301","C'est de saison !
    
        
        
        
        10
    

    
    Pommes Juliet bio
france1kg3,99€ / kg
    Avec ma livraison
    
3,99€
    
    
    
    
    
    
    
        
                
                Ajouter au panier"
"1706540408-37","https://www.auchan.fr/fruits-legumes/fruits/ca-n0301","C'est de saison !
    
        
        
        
        9
    

    
    Pommes Pinkids (Cripps Pink)
france8 pièces0,44€ / pce
    Avec ma livraison
    
3,49€
    
    
    
    
    
    
    
        
                
                Ajouter au panier"
"1706540408-38","https://www.auchan.fr/fruits-legumes/fruits/ca-n0301","C'est de saison !
    
        
        
        
        5
    

    
    Pommes Granny
france6 pièces0,50€ / pce
    Avec ma livraison
    
2,99€
    
    
    
    
    
    
    
        
                
                Ajouter au panier"
"1706540408-39","https://www.auchan.fr/fruits-legumes/fruits/ca-n0301","C'est de saison !
    
        
        
        
        6
    

    
    Pomme Gala
france1 pièce0,49€ / pce
    Avec ma livraison
    
0,49€
    
    
    
    
    
    
    
        
                
                Ajouter au panier"
"1706540408-40","https://www.auchan.fr/fruits-legumes/fruits/ca-n0301","C'est de saison !
    
        
        
        
        5
    

    
    Pomme Pink Lady (Cripps Pink)
france1 pièce0,59€ / pce
    Avec ma livraison
    
0,59€
    
    
    
    
    
    
    
        
                
                Ajouter au panier"
"1706540408-41","https://www.auchan.fr/fruits-legumes/fruits/ca-n0301","C'est de saison !
    
        
        
        
        12
    
AUCHAN BIO
    Pommes bicolores
france1kg4,69€ / kg
    Avec ma livraison
    
4,69€
    
    
    
    
    
    
    
        
                
                Ajouter au panier"
"1706540408-42","https://www.auchan.fr/fruits-legumes/fruits/ca-n0301","C'est de saison !
    
        
        
        
        6
    

    
    Pommes Jazz
france6 pièces0,50€ / pce
    Avec ma livraison
    
2,99€
    
    
    
    
    
    
    
        
                
                Ajouter au panier"
"1706540408-43","https://www.auchan.fr/fruits-legumes/fruits/ca-n0301","C'est de saison !
    
        
        
        
        11
    

    
    Pommes Jaunes prix bas
france1,5kg1,99€ / kg
    Avec ma livraison
    
2,99€
    
    
    
    
    
    
    
        
                
                Ajouter au panier"
"1706540408-44","https://www.auchan.fr/fruits-legumes/fruits/ca-n0301","Nouveauté
    

    
    Poires rouges bio
france4 pièces0,92€ / pce
    Avec ma livraison
    
3,69€
    
    
    
    
    
    
    
        
                
                Ajouter au panier"
"1706540408-45","https://www.auchan.fr/fruits-legumes/fruits/ca-n0301","C'est de saison !
    
        
        
        
        12
    

    
    Poires prix bas
france1kg3,49€ / kg
    Avec ma livraison
    
3,49€
    
    
    
    
    
    
    
        
                
                Ajouter au panier"
"1706540408-46","https://www.auchan.fr/fruits-legumes/fruits/ca-n0301","C'est de saison !
    
        
        
        
        11
    

    
    Poires mûres à point
france4 pièces0,97€ / pce
    Avec ma livraison
    
3,89€
    
    
    
    
    
    
    
        
                
                Ajouter au panier"
"1706540408-47","https://www.auchan.fr/fruits-legumes/fruits/ca-n0301","22
    

    
    Bananes Prix Bas
costa rica5 doigts0,20€ / pce
    Avec ma livraison
    
0,99€
    
    
    
    
    
    
    
        
                
                Ajouter au panier"
"1706540408-48","https://www.auchan.fr/fruits-legumes/fruits/ca-n0301","15
    

    
    Bananes bio
equateur5 pièces0,40€ / pce
    Avec ma livraison
    
1,99€
    
    
    
    
    
    
    
        
                
                Ajouter au panier"
"1706540408-49","https://www.auchan.fr/fruits-legumes/fruits/ca-n0301","12
    

    
    Bananes Antilles françaises
antilles francaises5 pièces0,49€ / pce
    Avec ma livraison
    
2,45€
    
    
    
    
    
    
    
        
                
                Ajouter au panier"
"1706540408-50","https://www.auchan.fr/fruits-legumes/fruits/ca-n0301","C'est de saison !
    
        
        
        
        7
    
AUCHAN BIO
    Kiwis
france6 pièces0,67€ / pce
    Avec ma livraison
    
3,99€
    
    
    
    
    
    
    
        
                
                Ajouter au panier"
"1706540408-51","https://www.auchan.fr/fruits-legumes/fruits/ca-n0301","Nouveauté
    
        
        
        
        4
    

    
    Kiwi bio
france1 pièce0,65€ / pce
    Avec ma livraison
    
0,65€
    
    
    
    
    
    
    
        
                
                Ajouter au panier"
"1706540408-52","https://www.auchan.fr/fruits-legumes/fruits/ca-n0301","C'est de saison !
    
        
        
        
        9
    

    
    Kiwi jaune
france1 pièce0,69€ / pce
    Avec ma livraison
    
0,69€
    
    
    
    
    
    
    
        
                
                Ajouter au panier"
"1706540408-53","https://www.auchan.fr/fruits-legumes/fruits/ca-n0301","C'est de saison !
    
        
        
        
        9
    

    
    Kiwi
france1 pièce0,65€ / pce
    Avec ma livraison
    
0,65€
    
    
    
    
    
    
    
        
                
                Ajouter au panier"
"1706540408-54","https://www.auchan.fr/fruits-legumes/fruits/ca-n0301","C'est de saison !
    
        
        
        
        6
    

    
    Kiwis jaunes bio
italie3 pièces1,23€ / pce
    Avec ma livraison
    
3,69€
    
    
    
    
    
    
    
        
                
                Ajouter au panier"
"1706540408-55","https://www.auchan.fr/fruits-legumes/fruits/ca-n0301","C'est de saison !
    
        
        
        
        11
    

    
    Kiwis jaunes
italie4 pièces1,00€ / pce
    Avec ma livraison
    
3,99€
    
    
    
    
    
    
    
        
                
                Ajouter au panier"
"1706540408-56","https://www.auchan.fr/fruits-legumes/fruits/ca-n0301","C'est de saison !
    
        
        
        
        15
    

    
    Kiwi vert
france750g5,32€ / kg
    Avec ma livraison
    
3,99€
    
    
    
    
    
    
    
        
                
                Ajouter au panier"
"1706540408-57","https://www.auchan.fr/fruits-legumes/fruits/ca-n0301","9
    

    
    Mangue
perou1 pièce2,49€ / pce
    Avec ma livraison
    
2,49€
    
    
    
    
    
    
    
        
                
                Ajouter au panier"
"1706540408-58","https://www.auchan.fr/fruits-legumes/fruits/ca-n0301","C'est de saison !
    
        
        
        
        6
    

    
    Fruit de la passion
vietnam1 pièce1,39€ / pce
    Avec ma livraison
    
1,39€
    
    
    
    
    
    
    
        
                
                Ajouter au panier"
"1706540408-59","https://www.auchan.fr/fruits-legumes/fruits/ca-n0301","C'est de saison !
    
        
        
        
        11
    

    
    Ananas sweet
costa rica1 pièce2,49€ / pce
    Avec ma livraison
    
2,49€
    
    
    
    
    
    
    
        
                
                Ajouter au panier"
"1706540408-60","https://www.auchan.fr/fruits-legumes/fruits/ca-n0301","11
    

    
    Grenade
turquie1 pièce1,19€ / pce
    Avec ma livraison
    
1,19€
    
    
    
    
    
    
    
        
                
                Ajouter au panier"
"1706540408-61","https://www.auchan.fr/fruits-legumes/fruits/ca-n0301","C'est de saison !
    
        
        
        
        10
    

    
    Ananas sans plumet
costa rica1 pièce1,35€ / pce
    Avec ma livraison
    
1,35€
    
    
    
    
    
    
    
        
                
                Ajouter au panier"
"1706540408-62","https://www.auchan.fr/fruits-legumes/fruits/ca-n0301","28
    

    
    Raisins sans pépins
bresil500g8,98€ / kg
    Avec ma livraison
    
4,49€
    
    
    
    
    
    
    
        
                
                Ajouter au panier"
"1706540408-63","https://www.auchan.fr/fruits-legumes/fruits/ca-n0301","15
    

    
    Framboises
maroc125g27,92€ / kg
    Avec ma livraison
    
3,49€
    
    
    
    
    
    
    
        
                
                Ajouter au panier"
"1706540408-64","https://www.auchan.fr/fruits-legumes/fruits/ca-n0301","6
    

    
    Myrtilles
chili125g18,32€ / kg
    Avec ma livraison
    
2,29€
    
    
    
    
    
    
    
        
                
                Ajouter au panier"
"1706540408-65","https://www.auchan.fr/fruits-legumes/fruits/ca-n0301","12
    

    
    CULTIVONS LE BON Noix AOP
france650g 6,75€ / kg
    Avec ma livraison
    
4,39€
    
    
    
    
    
    
    
        
                
                Ajouter au panier"
"1706540408-66","https://www.auchan.fr/fruits-legumes/fruits/ca-n0301","11
    
AUCHAN
    Pruneaux d'Agen dénoyautés
500g11,58€ / kg5 % cagnottés
    
    Avec ma livraison
    
5,79€
    
    
    
    
    
    
    
        
                
                Ajouter au panier"
"1706540408-67","https://www.auchan.fr/fruits-legumes/fruits/ca-n0301","6
    
AUCHAN GOURMET
    Pruneaux d'Agen dénoyautés
250g15,96€ / kg5 % cagnottés
    
    Avec ma livraison
    
3,99€
    
    
    
    
    
    
    
        
                
                Ajouter au panier"
"1706540408-68","https://www.auchan.fr/fruits-legumes/fruits/ca-n0301","Nouveauté
    
AUCHAN GOURMET
    Mélanges 3 saveurs amandes raisins et noix de cajou
250g14,56€ / kg50 % cagnottés sur le 2èmeVoir l'offre
    Avec ma livraison
    
3,64€
    
    
    
    
    
    
    
        
                
                Ajouter au panier"
"1706540408-69","https://www.auchan.fr/fruits-legumes/fruits/ca-n0301","6
    
AUCHAN
    Noisettes décortiquées
175g17,83€ / kg20 % cagnottés
    
    Avec ma livraison
    
3,12€
    
    
    
    
    
    
    
        
                
                Ajouter au panier"
"1706540408-70","https://www.auchan.fr/fruits-legumes/fruits/ca-n0301","4
    
AUCHAN
    Mélange anti oxydant
150g25,27€ / kg50 % cagnottés sur le 2èmeVoir l'offre
    Avec ma livraison
    
3,79€
    
    
    
    
    
    
    
        
                
                Ajouter au panier"
"1706540408-71","https://www.auchan.fr/fruits-legumes/fruits/ca-n0301","3
    
MAITRE PRUNILLE
    Pâte d'amande tricolore
250g4,96€ / kg-34 %
    Avec ma livraison
    
1,89€1,24€
    
    
    
    
    
    
    
        
                
                Ajouter au panier"
"1706540408-72","https://www.auchan.fr/fruits-legumes/fruits/ca-n0301","4
    
MAITRE PRUNILLE
    Arachides grillées
500g4,50€ / kg-34 %
    Avec ma livraison
    
3,42€2,25€
    
    
    
    
    
    
    
        
                
                Ajouter au panier"
"1706540408-73","https://www.auchan.fr/fruits-legumes/fruits/ca-n0301","10
    
AUCHAN
    Amandes grillées sans sel ajouté
200g16,10€ / kg5 % cagnottés
    
    Avec ma livraison
    
3,22€
    
    
    
    
    
    
    
        
                
                Ajouter au panier"
"1706540408-74","https://www.auchan.fr/fruits-legumes/fruits/ca-n0301","8
    
AUCHAN
    Cerneaux de noix
200g18,95€ / kg5 % cagnottés
    
    Avec ma livraison
    
3,79€
    
    
    
    
    
    
    
        
                
                Ajouter au panier"
"1706540408-75","https://www.auchan.fr/fruits-legumes/fruits/ca-n0301","9
    
SUN
    Amandes décortiquées
500g11,10€ / kg
    Avec ma livraison
    
5,55€
    
    
    
    
    
    
    
        
                
                Ajouter au panier"
"1706540408-76","https://www.auchan.fr/fruits-legumes/fruits/ca-n0301","5
    
AUCHAN
    Noix de cajou grillées sans sel ajouté
150g22,13€ / kg5 % cagnottés
    
    Avec ma livraison
    
3,32€
    
    
    
    
    
    
    
        
                
                Ajouter au panier"
"1706540408-77","https://www.auchan.fr/fruits-legumes/fruits/ca-n0301","3
    
AUCHAN BIO
    Amandes décortiquées
125g25,76€ / kg5 % cagnottés
    
    Avec ma livraison
    
3,22€
    
    
    
    
    
    
    
        
                
                Ajouter au panier"
"1706540408-78","https://www.auchan.fr/fruits-legumes/fruits/ca-n0301","4
    
AUCHAN
    Noix de pécan
125g30,32€ / kg5 % cagnottés
    
    Avec ma livraison
    
3,79€
    
    
    
    
    
    
    
        
                
                Ajouter au panier"
"1706540408-79","https://www.auchan.fr/fruits-legumes/fruits/ca-n0301","5
    
AUCHAN BIO
    Mélange de fruits à coques
150g24,20€ / kg5 % cagnottés
    
    Avec ma livraison
    
3,63€
    
    
    
    
    
    
    
        
                
                Ajouter au panier"
"1706540408-80","https://www.auchan.fr/fruits-legumes/fruits/ca-n0301","2
    
AUCHAN GOURMET
    Amandes décortiquées
150g20,87€ / kg5 % cagnottés
    
    Avec ma livraison
    
3,13€
    
    
    
    
    
    
    
        
                
                Ajouter au panier"
"1706540408-81","https://www.auchan.fr/fruits-legumes/fruits/ca-n0301","6
    
WONDERFUL
    Amandes naturelles
200g23,70€ / kg
    Avec ma livraison
    
4,74€
    
    
    
    
    
    
    
        
                
                Ajouter au panier"
"1706540408-82","https://www.auchan.fr/fruits-legumes/fruits/ca-n0301","6
    
AUCHAN
    Amandes crues décortiquées spécial pâtisserie
500g12,40€ / kg5 % cagnottés
    
    Avec ma livraison
    
6,20€
    
    
    
    
    
    
    
        
                
                Ajouter au panier"
"1706540408-83","https://www.auchan.fr/fruits-legumes/fruits/ca-n0301","3
    
POUCE
    Amandes non salées
125g18,32€ / kg
    Avec ma livraison
    
2,29€
    
    
    
    
    
    
    
        
                
                Ajouter au panier"
"1706540408-84","https://www.auchan.fr/fruits-legumes/fruits/ca-n0301","3
    
DACO BELLO
    Formule Boost Mélange de graines cranberries et amandes
200g17,80€ / kg
    Avec ma livraison
    
3,56€
    
    
    
    
    
    
    
        
                
                Ajouter au panier"
"1706540408-85","https://www.auchan.fr/fruits-legumes/fruits/ca-n0301","2
    
DACO BELLO
    Mélange formule détente
200g18,70€ / kg
    Avec ma livraison
    
3,74€
    
    
    
    
    
    
    
        
                
                Ajouter au panier"
"1706540408-86","https://www.auchan.fr/fruits-legumes/fruits/ca-n0301","5
    
DACO BELLO
    Mélange de 4 graines grillées 
175g26,34€ / kg
    Avec ma livraison
    
4,61€
    
    
    
    
    
    
    
        
                
                Ajouter au panier"
"1706540408-87","https://www.auchan.fr/fruits-legumes/fruits/ca-n0301","4
    
AUCHAN
    Corbeille 3 fruits à coque
900g6,66€ / kg5 % cagnottés
    
    Avec ma livraison
    
5,99€
    
    
    
    
    
    
    
        
                
                Ajouter au panier"
"1706540408-88","https://www.auchan.fr/fruits-legumes/fruits/ca-n0301","1
    
WONDERFUL
    Amandes grillées sans sel
200g22,75€ / kg
    Avec ma livraison
    
4,55€
    
    
    
    
    
    
    
        
                
                Ajouter au panier"
"1706540408-89","https://www.auchan.fr/fruits-legumes/fruits/ca-n0301","6
    
AUCHAN
    Abricots moelleux dénoyautés
250g14,56€ / kg5 % cagnottés
    
    Avec ma livraison
    
3,64€
    
    
    
    
    
    
    
        
                
                Ajouter au panier"
"1706540408-90","https://www.auchan.fr/fruits-legumes/fruits/ca-n0301","12
    
AUCHAN
    Abricots moelleux dénoyautés
500g13,72€ / kg5 % cagnottés
    
    Avec ma livraison
    
6,86€
    
    
    
    
    
    
    
        
                
                Ajouter au panier"
"1706540408-91","https://www.auchan.fr/fruits-legumes/fruits/ca-n0301","1
    
AUCHAN
    Abricots dénoyautés
250g16,12€ / kg5 % cagnottés
    
    Avec ma livraison
    
4,03€
    
    
    
    
    
    
    
        
                
                Ajouter au panier"
"1706540408-92","https://www.auchan.fr/fruits-legumes/fruits/ca-n0301","5
    
AUCHAN
    Figues moelleuses séchées
250g13,96€ / kg5 % cagnottés
    
    Avec ma livraison
    
3,49€
    
    
    
    
    
    
    
        
                
                Ajouter au panier"
"1706540408-93","https://www.auchan.fr/fruits-legumes/fruits/ca-n0301","4
    
AUCHAN GOURMET
    Dattes deglet nour branchées
500g7,98€ / kg5 % cagnottés
    
    Avec ma livraison
    
3,99€
    
    
    
    
    
    
    
        
                
                Ajouter au panier"
"1706540408-94","https://www.auchan.fr/fruits-legumes/fruits/ca-n0301","1
    
SUN
    Douchou Cacahuètes caramélisées au beurre et sel
250g8,92€ / kg-60 % sur le 2èmeVoir l'offre
    Avec ma livraison
    
2,23€
    
    
    
    
    
    
    
        
                
                Ajouter au panier"
"1706540408-95","https://www.auchan.fr/fruits-legumes/fruits/ca-n0301","SUN
    Cacahuètes caramélisées douchou
250g9,16€ / kg-60 % sur le 2èmeVoir l'offre
    Avec ma livraison
    
2,29€
    
    
    
    
    
    
    
        
                
                Ajouter au panier"
"1706540408-96","https://www.auchan.fr/fruits-legumes/fruits/ca-n0301","4
    
AUCHAN
    Pignons de pin décortiqués
70g59,00€ / kg5 % cagnottés
    
    Avec ma livraison
    
4,13€
    
    
    
    
    
    
    
        
                
                Ajouter au panier"
"1706540408-97","https://www.auchan.fr/fruits-legumes/fruits/ca-n0301","1
    
DACO BELLO
    Fruits sec Mix 3 fruits
350g13,69€ / kg
    Avec ma livraison
    
4,79€
    
    
    
    
    
    
    
        
                
                Ajouter au panier"
"1706540408-98","https://www.auchan.fr/fruits-legumes/fruits/ca-n0301","3
    
HOLYFRUITS
    Barquette bois fruits déguisés en pâtes d'amandes
170g35,24€ / kg
    Avec ma livraison
    
5,99€
    
    
    
    
    
    
    
        
                
                Ajouter au panier"
"1706540408-99","https://www.auchan.fr/fruits-legumes/fruits/ca-n0301","4
    
HOLYFRUITS
    Barquette pâte de fruits
155g38,65€ / kg
    Avec ma livraison
    
5,99€
    
    
    
    
    
    
    
        
                
                Ajouter au panier"
"1706540408-100","https://www.auchan.fr/fruits-legumes/fruits/ca-n0301","5
    
DACO BELLO
    Coffret assortiment de tablettes dattes
190g44,95€ / kg
    Avec ma livraison
    
8,54€
    
    
    
    
    
    
    
        
                
                Ajouter au panier"
"1706540408-101","https://www.auchan.fr/fruits-legumes/fruits/ca-n0301","4
    
MAITRE PRUNILLE
    Vitalmix énergie sans sel et sucre ajouté
200g23,00€ / kg
    Avec ma livraison
    
4,60€
    
    
    
    
    
    
    
        
                
                Ajouter au panier"
"1706540408-102","https://www.auchan.fr/fruits-legumes/fruits/ca-n0301","3
    
AUCHAN BIO
    Raisins secs sultanines
175g10,34€ / kg5 % cagnottés
    
    Avec ma livraison
    
1,81€
    
    
    
    
    
    
    
        
                
                Ajouter au panier"
"1706540408-103","https://www.auchan.fr/fruits-legumes/fruits/ca-n0301","5
    
WONDERFUL
    Pistaches grillées non salées
250g21,12€ / kg
    Avec ma livraison
    
5,28€
    
    
    
    
    
    
    
        
                
                Ajouter au panier"
"1706540408-104","https://www.auchan.fr/fruits-legumes/fruits/ca-n0301","4
    
WONDERFUL
    Pistaches grillées salées
250g21,08€ / kg
    Avec ma livraison
    
5,27€
    
    
    
    
    
    
    
        
                
                Ajouter au panier"
"1706540408-105","https://www.auchan.fr/fruits-legumes/fruits/ca-n0301","4
    
WONDERFUL
    Pistaches légèrement salées
250g21,24€ / kg
    Avec ma livraison
    
5,31€
    
    
    
    
    
    
    
        
                
                Ajouter au panier"
"1706540408-106","https://www.auchan.fr/fruits-legumes/fruits/ca-n0301","3
    
VAHINE
    Raisins blonds
125g13,52€ / kg
    Avec ma livraison
    
1,69€
    
    
    
    
    
    
    
        
                
                Ajouter au panier"
"1706540408-107","https://www.auchan.fr/fruits-legumes/fruits/ca-n0301","8
    

    
    CULTIVONS LE BON Bananes Fairtrade
ghana750g1,79€ / kg
            Bientôt dispo !
            



    
    
             								
												Voir les produits similaires
											
										




    Avec ma livraison
    
1,79€
    
    
    
    
    
    
    
        
                
                Ajouter au panier"
"1706540408-108","https://www.auchan.fr/fruits-legumes/fruits/ca-n0301","Nouveauté
    

    
    Mandarine bio
espagne1 pièce 0,45€ / pce
            Bientôt dispo !
            



    
    




    Avec ma livraison
    
0,45€
    
    
    
    
    
    
    
        
                
                Ajouter au panier"
