web-scraper-order,web-scraper-start-url,produit
"1706541983-1","https://www.auchan.fr/boissons-sans-alcool/jus-de-fruits-jus-de-legumes/ca-n0704","3
    
AUCHAN
    Pur jus d'orange sans pulpe
1L2,38€ / l5 % cagnottés
    
    Avec ma livraison
    
2,38€
    
    
    
    
    
    
    
        
                
                Ajouter au panier"
"1706541983-2","https://www.auchan.fr/boissons-sans-alcool/jus-de-fruits-jus-de-legumes/ca-n0704","2
    
AUCHAN
    Pur jus d'orange sans pulpe
1,5L2,27€ / l5 % cagnottés
    
    Avec ma livraison
    
3,41€
    
    
    
    
    
    
    
        
                
                Ajouter au panier"
"1706541983-3","https://www.auchan.fr/boissons-sans-alcool/jus-de-fruits-jus-de-legumes/ca-n0704","4
    
AUCHAN
    Pur jus d'orange avec pulpe
1,5L2,27€ / l5 % cagnottés
    
    Avec ma livraison
    
3,41€
    
    
    
    
    
    
    
        
                
                Ajouter au panier"
"1706541983-4","https://www.auchan.fr/boissons-sans-alcool/jus-de-fruits-jus-de-legumes/ca-n0704","3
    
AUCHAN
    Pur jus d'orange avec pulpe
1L2,43€ / l5 % cagnottés
    
    Avec ma livraison
    
2,43€
    
    
    
    
    
    
    
        
                
                Ajouter au panier"
"1706541983-5","https://www.auchan.fr/boissons-sans-alcool/jus-de-fruits-jus-de-legumes/ca-n0704","7
    
AUCHAN
    Pur jus d'ananas
1L2,62€ / l5 % cagnottés
    
    Avec ma livraison
    
2,62€
    
    
    
    
    
    
    
        
                
                Ajouter au panier"
"1706541983-6","https://www.auchan.fr/boissons-sans-alcool/jus-de-fruits-jus-de-legumes/ca-n0704","3
    
AUCHAN
    Pur jus de pamplemousses
1L2,61€ / l5 % cagnottés
    
    Avec ma livraison
    
2,61€
    
    
    
    
    
    
    
        
                
                Ajouter au panier"
"1706541983-7","https://www.auchan.fr/boissons-sans-alcool/jus-de-fruits-jus-de-legumes/ca-n0704","4
    
AUCHAN
    Pur jus multifruits
1,5L2,21€ / l5 % cagnottés
    
    Avec ma livraison
    
3,32€
    
    
    
    
    
    
    
        
                
                Ajouter au panier"
"1706541983-8","https://www.auchan.fr/boissons-sans-alcool/jus-de-fruits-jus-de-legumes/ca-n0704","8
    
AUCHAN
    Pur jus exotique ananas mangue passion pressé
90cl2,54€ / l5 % cagnottés
    
    Avec ma livraison
    
2,29€
    
    
    
    
    
    
    
        
                
                Ajouter au panier"
"1706541983-9","https://www.auchan.fr/boissons-sans-alcool/jus-de-fruits-jus-de-legumes/ca-n0704","97
    
AUCHAN
    Pur jus d'orange sans pulpe
4x1l1,92€ / l5 % cagnottés
    
    Avec ma livraison
    
7,69€
    
    
    
    
    
    
    
        
                
                Ajouter au panier"
"1706541983-10","https://www.auchan.fr/boissons-sans-alcool/jus-de-fruits-jus-de-legumes/ca-n0704","170
    
AUCHAN
    Pur jus d'orange sans pulpe
1,5l1,79€ / l5 % cagnottés
    
    Avec ma livraison
    
2,69€
    
    
    
    
    
    
    
        
                
                Ajouter au panier"
"1706541983-11","https://www.auchan.fr/boissons-sans-alcool/jus-de-fruits-jus-de-legumes/ca-n0704","52
    
AUCHAN
    Pur jus d'orange sans pulpe
1l1,99€ / l5 % cagnottés
    
    Avec ma livraison
    
1,99€
    
    
    
    
    
    
    
        
                
                Ajouter au panier"
"1706541983-12","https://www.auchan.fr/boissons-sans-alcool/jus-de-fruits-jus-de-legumes/ca-n0704","48
    
AUCHAN
    Pur jus d'orange avec pulpe
1l2,35€ / l5 % cagnottés
    
    Avec ma livraison
    
2,35€
    
    
    
    
    
    
    
        
                
                Ajouter au panier"
"1706541983-13","https://www.auchan.fr/boissons-sans-alcool/jus-de-fruits-jus-de-legumes/ca-n0704","13
    
AUCHAN
    Jus d'orange à base de concentré brique
1l1,99€ / l5 % cagnottés
    
    Avec ma livraison
    
1,99€
    
    
    
    
    
    
    
        
                
                Ajouter au panier"
"1706541983-14","https://www.auchan.fr/boissons-sans-alcool/jus-de-fruits-jus-de-legumes/ca-n0704","3
    
AUCHAN
    Nectar d'orange à base de concentré sans sucres ajoutés brique
2l1,25€ / l
    Avec ma livraison
    
2,49€
    
    
    
    
    
    
    
        
                
                Ajouter au panier"
"1706541983-15","https://www.auchan.fr/boissons-sans-alcool/jus-de-fruits-jus-de-legumes/ca-n0704","3
    
AUCHAN
    Pur jus d'orange très pulpé
1l2,65€ / l5 % cagnottés
    
    Avec ma livraison
    
2,65€
    
    
    
    
    
    
    
        
                
                Ajouter au panier"
"1706541983-16","https://www.auchan.fr/boissons-sans-alcool/jus-de-fruits-jus-de-legumes/ca-n0704","AUCHAN
    Nectar orange pêche abricot
2l1,25€ / l5 % cagnottés
    
    Avec ma livraison
    
2,49€
    
    
    
    
    
    
    
        
                
                Ajouter au panier"
"1706541983-17","https://www.auchan.fr/boissons-sans-alcool/jus-de-fruits-jus-de-legumes/ca-n0704","47
    
AUCHAN
    Pur jus de clémentine
1l2,11€ / l5 % cagnottés
    
    Avec ma livraison
    
2,11€
    
    
    
    
    
    
    
        
                
                Ajouter au panier"
"1706541983-18","https://www.auchan.fr/boissons-sans-alcool/jus-de-fruits-jus-de-legumes/ca-n0704","33
    
AUCHAN
    Pur jus de pamplemousse rose
1l2,17€ / l5 % cagnottés
    
    Avec ma livraison
    
2,17€
    
    
    
    
    
    
    
        
                
                Ajouter au panier"
"1706541983-19","https://www.auchan.fr/boissons-sans-alcool/jus-de-fruits-jus-de-legumes/ca-n0704","68
    
AUCHAN
    Pur jus de pomme
1l1,15€ / l5 % cagnottés
    
    Avec ma livraison
    
1,15€
    
    
    
    
    
    
    
        
                
                Ajouter au panier"
"1706541983-20","https://www.auchan.fr/boissons-sans-alcool/jus-de-fruits-jus-de-legumes/ca-n0704","Best of promosSponsorisé
    
        
        
        
        > 200
    
NUTELLA
    Pâte à tartiner aux noisettes
750g6,13€ / kg-50 % sur le 2èmeVoir l'offre
    Avec ma livraison
    
4,60€
    
    
    
    
    
    
    
        
                
                Ajouter au panier"
"1706541983-21","https://www.auchan.fr/boissons-sans-alcool/jus-de-fruits-jus-de-legumes/ca-n0704","NouveautéSponsorisé
    
        
        
        
        86
    
NUTELLA
    Pâte à tartiner aux noisettes
400g7,08€ / kg-50 % sur le 2èmeVoir l'offre
    Avec ma livraison
    
2,83€
    
    
    
    
    
    
    
        
                
                Ajouter au panier"
"1706541983-22","https://www.auchan.fr/boissons-sans-alcool/jus-de-fruits-jus-de-legumes/ca-n0704","12
    
AUCHAN
    Pur jus de pomme douce
1l1,75€ / l5 % cagnottés
    
    Avec ma livraison
    
1,75€
    
    
    
    
    
    
    
        
                
                Ajouter au panier"
"1706541983-23","https://www.auchan.fr/boissons-sans-alcool/jus-de-fruits-jus-de-legumes/ca-n0704","93
    
AUCHAN
    Pur jus de pomme
2l1,05€ / l5 % cagnottés
    
    Avec ma livraison
    
2,09€
    
    
    
    
    
    
    
        
                
                Ajouter au panier"
"1706541983-24","https://www.auchan.fr/boissons-sans-alcool/jus-de-fruits-jus-de-legumes/ca-n0704","12
    
AUCHAN
    Pur jus de pomme brique
1l1,46€ / l5 % cagnottés
    
    Avec ma livraison
    
1,46€
    
    
    
    
    
    
    
        
                
                Ajouter au panier"
"1706541983-25","https://www.auchan.fr/boissons-sans-alcool/jus-de-fruits-jus-de-legumes/ca-n0704","32
    
AUCHAN
    Pur jus de raisin noir muscat
1l1,76€ / l5 % cagnottés
    
    Avec ma livraison
    
1,76€
    
    
    
    
    
    
    
        
                
                Ajouter au panier"
"1706541983-26","https://www.auchan.fr/boissons-sans-alcool/jus-de-fruits-jus-de-legumes/ca-n0704","7
    
AUCHAN
    Pur jus de raisin blanc
1l1,85€ / l5 % cagnottés
    
    Avec ma livraison
    
1,85€
    
    
    
    
    
    
    
        
                
                Ajouter au panier"
"1706541983-27","https://www.auchan.fr/boissons-sans-alcool/jus-de-fruits-jus-de-legumes/ca-n0704","29
    
AUCHAN
    Boisson au jus de cranberry
1l1,79€ / l5 % cagnottés
    
    Avec ma livraison
    
1,79€
    
    
    
    
    
    
    
        
                
                Ajouter au panier"
"1706541983-28","https://www.auchan.fr/boissons-sans-alcool/jus-de-fruits-jus-de-legumes/ca-n0704","7
    
AUCHAN
    Jus de raisin à base de concentré briquettes
6x20cl1,95€ / l5 % cagnottés
    
    Avec ma livraison
    
2,34€
    
    
    
    
    
    
    
        
                
                Ajouter au panier"
"1706541983-29","https://www.auchan.fr/boissons-sans-alcool/jus-de-fruits-jus-de-legumes/ca-n0704","7
    
AUCHAN
    Pur jus d'ananas sans sucres ajoutés
1l2,13€ / l15 % cagnottés
    
    Avec ma livraison
    
2,13€
    
    
    
    
    
    
    
        
                
                Ajouter au panier"
"1706541983-30","https://www.auchan.fr/boissons-sans-alcool/jus-de-fruits-jus-de-legumes/ca-n0704","16
    
AUCHAN
    Jus d'ananas à base de concentré briquettes
6x20cl2,07€ / l5 % cagnottés
    
    Avec ma livraison
    
2,48€
    
    
    
    
    
    
    
        
                
                Ajouter au panier"
"1706541983-31","https://www.auchan.fr/boissons-sans-alcool/jus-de-fruits-jus-de-legumes/ca-n0704","32
    
AUCHAN
    Nectar gourmand goyave
1l1,89€ / l50 % cagnottés sur le 2èmeVoir l'offre
    Avec ma livraison
    
1,89€
    
    
    
    
    
    
    
        
                
                Ajouter au panier"
"1706541983-32","https://www.auchan.fr/boissons-sans-alcool/jus-de-fruits-jus-de-legumes/ca-n0704","21
    
AUCHAN
    Nectar Instant Gourmand passion
1l2,78€ / l50 % cagnottés sur le 2èmeVoir l'offre
    Avec ma livraison
    
2,78€
    
    
    
    
    
    
    
        
                
                Ajouter au panier"
"1706541983-33","https://www.auchan.fr/boissons-sans-alcool/jus-de-fruits-jus-de-legumes/ca-n0704","14
    
AUCHAN
    Nectar Instant Gourmand exotique
1l2,09€ / l50 % cagnottés sur le 2èmeVoir l'offre
    Avec ma livraison
    
2,09€
    
    
    
    
    
    
    
        
                
                Ajouter au panier"
"1706541983-34","https://www.auchan.fr/boissons-sans-alcool/jus-de-fruits-jus-de-legumes/ca-n0704","51
    
AUCHAN
    Pur jus multifruits
1l1,69€ / l5 % cagnottés
    
    Avec ma livraison
    
1,69€
    
    
    
    
    
    
    
        
                
                Ajouter au panier"
"1706541983-35","https://www.auchan.fr/boissons-sans-alcool/jus-de-fruits-jus-de-legumes/ca-n0704","103
    
AUCHAN
    Pur jus multifruits brique
2l1,70€ / l5 % cagnottés
    
    Avec ma livraison
    
3,39€
    
    
    
    
    
    
    
        
                
                Ajouter au panier"
"1706541983-36","https://www.auchan.fr/boissons-sans-alcool/jus-de-fruits-jus-de-legumes/ca-n0704","8
    
AUCHAN
    Jus multivitamines à base de concentré briquettes
6x20cl2,16€ / l5 % cagnottés
    
    Avec ma livraison
    
2,59€
    
    
    
    
    
    
    
        
                
                Ajouter au panier"
"1706541983-37","https://www.auchan.fr/boissons-sans-alcool/jus-de-fruits-jus-de-legumes/ca-n0704","67
    
AUCHAN
    Nectar multivitaminé à base de concentré brique
2l1,18€ / l5 % cagnottés
    
    Avec ma livraison
    
2,35€
    
    
    
    
    
    
    
        
                
                Ajouter au panier"
"1706541983-38","https://www.auchan.fr/boissons-sans-alcool/jus-de-fruits-jus-de-legumes/ca-n0704","20
    
AUCHAN
    Pur jus multifruits
1,5l1,66€ / l5 % cagnottés
    
    Avec ma livraison
    
2,49€
    
    
    
    
    
    
    
        
                
                Ajouter au panier"
"1706541983-39","https://www.auchan.fr/boissons-sans-alcool/jus-de-fruits-jus-de-legumes/ca-n0704","72
    
AUCHAN
    Pur jus multifruits
2l1,65€ / l5 % cagnottés
    
    Avec ma livraison
    
3,29€
    
    
    
    
    
    
    
        
                
                Ajouter au panier"
"1706541983-40","https://www.auchan.fr/boissons-sans-alcool/jus-de-fruits-jus-de-legumes/ca-n0704","11
    
AUCHAN
    Jus ananas et multi fruits à base de concentré brique
1l1,69€ / l5 % cagnottés
    
    Avec ma livraison
    
1,69€
    
    
    
    
    
    
    
        
                
                Ajouter au panier"
"1706541983-41","https://www.auchan.fr/boissons-sans-alcool/jus-de-fruits-jus-de-legumes/ca-n0704","24
    
AUCHAN
    Jus multifruits à base de concentré brique
1l1,32€ / l5 % cagnottés
    
    Avec ma livraison
    
1,32€
    
    
    
    
    
    
    
        
                
                Ajouter au panier"
"1706541983-42","https://www.auchan.fr/boissons-sans-alcool/jus-de-fruits-jus-de-legumes/ca-n0704","33
    
AUCHAN
    Pur jus de tomate
1l2,03€ / l5 % cagnottés
    
    Avec ma livraison
    
2,03€
    
    
    
    
    
    
    
        
                
                Ajouter au panier"
"1706541983-43","https://www.auchan.fr/boissons-sans-alcool/jus-de-fruits-jus-de-legumes/ca-n0704","62
    
AUCHAN
    Jus de pomme à base de concentré briquettes
6x20cl1,16€ / l5 % cagnottés
    
    Avec ma livraison
    
1,39€
    
    
    
    
    
    
    
        
                
                Ajouter au panier"
"1706541983-44","https://www.auchan.fr/boissons-sans-alcool/jus-de-fruits-jus-de-legumes/ca-n0704","2
    
AUCHAN BIO
    Pur jus d'orange sans pulpe
90cl3,67€ / l15 % cagnottés
    
    Avec ma livraison
    
3,30€
    
    
    
    
    
    
    
        
                
                Ajouter au panier"
"1706541983-45","https://www.auchan.fr/boissons-sans-alcool/jus-de-fruits-jus-de-legumes/ca-n0704","6
    
AUCHAN BIO
    Pur jus d'orange bouteille verre
1l2,70€ / l10 % cagnottés
    
    Avec ma livraison
    
2,70€
    
    
    
    
    
    
    
        
                
                Ajouter au panier"
"1706541983-46","https://www.auchan.fr/boissons-sans-alcool/jus-de-fruits-jus-de-legumes/ca-n0704","5
    
AUCHAN BIO
    Nectar d'orange
1.5l1,73€ / l5 % cagnottés
    
    Avec ma livraison
    
2,60€
    
    
    
    
    
    
    
        
                
                Ajouter au panier"
"1706541983-47","https://www.auchan.fr/boissons-sans-alcool/jus-de-fruits-jus-de-legumes/ca-n0704","12
    
AUCHAN BIO
    Pur jus de pomme trouble bouteille verre
1l2,03€ / l
    Avec ma livraison
    
2,03€
    
    
    
    
    
    
    
        
                
                Ajouter au panier"
"1706541983-48","https://www.auchan.fr/boissons-sans-alcool/jus-de-fruits-jus-de-legumes/ca-n0704","2
    
AUCHAN BIO
    Nectar de pomme
1.5l1,24€ / l
    Avec ma livraison
    
1,86€
    
    
    
    
    
    
    
        
                
                Ajouter au panier"
"1706541983-49","https://www.auchan.fr/boissons-sans-alcool/jus-de-fruits-jus-de-legumes/ca-n0704","25
    
AUCHAN BIO
    Pur jus de grenade bouteille verre
75cl4,93€ / l10 % cagnottés
    
    Avec ma livraison
    
3,70€
    
    
    
    
    
    
    
        
                
                Ajouter au panier"
"1706541983-50","https://www.auchan.fr/boissons-sans-alcool/jus-de-fruits-jus-de-legumes/ca-n0704","6
    
AUCHAN BIO
    Pur jus de raisin bouteille verre
1l2,54€ / l10 % cagnottés
    
    Avec ma livraison
    
2,54€
    
    
    
    
    
    
    
        
                
                Ajouter au panier"
"1706541983-51","https://www.auchan.fr/boissons-sans-alcool/jus-de-fruits-jus-de-legumes/ca-n0704","1
    
AUCHAN BIO
    Eau de coco brique
1l2,90€ / l-34 %10 % cagnottés
    
    Avec ma livraison
    
4,40€2,90€
    
    
    
    
    
    
    
        
                
                Ajouter au panier"
"1706541983-52","https://www.auchan.fr/boissons-sans-alcool/jus-de-fruits-jus-de-legumes/ca-n0704","3
    
AUCHAN BIO
    Pur jus multifruits bouteille verre
1l3,49€ / l10 % cagnottés
    
    Avec ma livraison
    
3,49€
    
    
    
    
    
    
    
        
                
                Ajouter au panier"
"1706541983-53","https://www.auchan.fr/boissons-sans-alcool/jus-de-fruits-jus-de-legumes/ca-n0704","7
    
AUCHAN BIO
    CULTIVONS LE BON Jus de carotte des Landes bio filière responsable bouteille verre
1l2,74€ / l10 % cagnottés
    
    Avec ma livraison
    
2,74€
    
    
    
    
    
    
    
        
                
                Ajouter au panier"
"1706541983-54","https://www.auchan.fr/boissons-sans-alcool/jus-de-fruits-jus-de-legumes/ca-n0704","51
    
AUCHAN BIO
    Pur jus de pommes bio briquettes
6x20cl2,56€ / l10 % cagnottés
    
    Avec ma livraison
    
3,07€
    
    
    
    
    
    
    
        
                
                Ajouter au panier"
"1706541983-55","https://www.auchan.fr/boissons-sans-alcool/jus-de-fruits-jus-de-legumes/ca-n0704","22
    
THOMAS LE PRINCE
    Pur jus de pomme poire bio bouteille verre
1l3,37€ / l
    Avec ma livraison
    
3,37€
    
    
    
    
    
    
    
        
                
                Ajouter au panier"
"1706541983-56","https://www.auchan.fr/boissons-sans-alcool/jus-de-fruits-jus-de-legumes/ca-n0704","19
    
PRESSADE
    Nectar d'orange bio sans pulpe brique
1,5l1,87€ / l-60 % sur le 2èmeVoir l'offre
    Avec ma livraison
    
2,81€
    
    
    
    
    
    
    
        
                
                Ajouter au panier"
"1706541983-57","https://www.auchan.fr/boissons-sans-alcool/jus-de-fruits-jus-de-legumes/ca-n0704","12
    
PRESSADE
    Nectar d'orange bio sans pulpe briquettes
6x20cl2,21€ / l
    Avec ma livraison
    
2,65€
    
    
    
    
    
    
    
        
                
                Ajouter au panier"
"1706541983-58","https://www.auchan.fr/boissons-sans-alcool/jus-de-fruits-jus-de-legumes/ca-n0704","13
    
PRESSADE
    Nectar de pomme bio brique
1,5l1,44€ / l-60 % sur le 2èmeVoir l'offre
    Avec ma livraison
    
2,16€
    
    
    
    
    
    
    
        
                
                Ajouter au panier"
"1706541983-59","https://www.auchan.fr/boissons-sans-alcool/jus-de-fruits-jus-de-legumes/ca-n0704","16
    
PRESSADE
    Nectar multifruits bio sans pulpe brique
1.5l1,45€ / l-60 % sur le 2èmeVoir l'offre
    Avec ma livraison
    
2,17€
    
    
    
    
    
    
    
        
                
                Ajouter au panier"
"1706541983-60","https://www.auchan.fr/boissons-sans-alcool/jus-de-fruits-jus-de-legumes/ca-n0704","15
    
PRESSADE
    Nectar multifruits bio sans pulpe briquettes
6x20cl2,58€ / l
    Avec ma livraison
    
3,09€
    
    
    
    
    
    
    
        
                
                Ajouter au panier"
"1706541983-61","https://www.auchan.fr/boissons-sans-alcool/jus-de-fruits-jus-de-legumes/ca-n0704","26
    
PRESSADE
    Nectar de pomme bio briquettes
6x20cl2,08€ / l
    Avec ma livraison
    
2,49€
    
    
    
    
    
    
    
        
                
                Ajouter au panier"
"1706541983-62","https://www.auchan.fr/boissons-sans-alcool/jus-de-fruits-jus-de-legumes/ca-n0704","40
    
JOKER
    Jus d'orange Le Fruit sans pulpe sans sucres ajoutés
4x1l2,12€ / l
    Avec ma livraison
    
8,47€
    
    
    
    
    
    
    
        
                
                Ajouter au panier"
"1706541983-63","https://www.auchan.fr/boissons-sans-alcool/jus-de-fruits-jus-de-legumes/ca-n0704","9
    
JOKER
    Pur jus d'orange sans pulpe sans sucres ajoutés
1l2,18€ / l
    Avec ma livraison
    
2,18€
    
    
    
    
    
    
    
        
                
                Ajouter au panier"
"1706541983-64","https://www.auchan.fr/boissons-sans-alcool/jus-de-fruits-jus-de-legumes/ca-n0704","9
    
JOKER
    Jus d'orange Le Fruit sans pulpe sans sucres ajoutés
1l2,14€ / l
    Avec ma livraison
    
2,14€
    
    
    
    
    
    
    
        
                
                Ajouter au panier"
"1706541983-65","https://www.auchan.fr/boissons-sans-alcool/jus-de-fruits-jus-de-legumes/ca-n0704","8
    
JOKER
    Pur jus d'orange avec pulpe
1l2,49€ / l
    Avec ma livraison
    
2,49€
    
    
    
    
    
    
    
        
                
                Ajouter au panier"
"1706541983-66","https://www.auchan.fr/boissons-sans-alcool/jus-de-fruits-jus-de-legumes/ca-n0704","16
    
JOKER
    Jus d'orange Le Fruit sans pulpe
1,5l1,50€ / l
    Avec ma livraison
    
2,25€
    
    
    
    
    
    
    
        
                
                Ajouter au panier"
"1706541983-67","https://www.auchan.fr/boissons-sans-alcool/jus-de-fruits-jus-de-legumes/ca-n0704","7
    
JOKER
    Jus de pomme Le Fruit sans sucres ajoutés
1l1,72€ / l
    Avec ma livraison
    
1,72€
    
    
    
    
    
    
    
        
                
                Ajouter au panier"
"1706541983-68","https://www.auchan.fr/boissons-sans-alcool/jus-de-fruits-jus-de-legumes/ca-n0704","9
    
JOKER
    Jus d'ananas Le Fruit à base de concentré sans sucres ajoutés
1l2,19€ / l
    Avec ma livraison
    
2,19€
    
    
    
    
    
    
    
        
                
                Ajouter au panier"
"1706541983-69","https://www.auchan.fr/boissons-sans-alcool/jus-de-fruits-jus-de-legumes/ca-n0704","6
    
JOKER
    Jus multifruits Le Fruit sans sucres ajoutés
1l1,89€ / l
    Avec ma livraison
    
1,89€
    
    
    
    
    
    
    
        
                
                Ajouter au panier"
"1706541983-70","https://www.auchan.fr/boissons-sans-alcool/jus-de-fruits-jus-de-legumes/ca-n0704","6
    
JOKER
    Jus de pamplemousse Le Fruit sans sucres ajoutés
1l2,09€ / l
    Avec ma livraison
    
2,09€
    
    
    
    
    
    
    
        
                
                Ajouter au panier"
"1706541983-71","https://www.auchan.fr/boissons-sans-alcool/jus-de-fruits-jus-de-legumes/ca-n0704","4
    
JOKER
    Shots immunité gingembre
33cl8,18€ / l
    Avec ma livraison
    
2,70€
    
    
    
    
    
    
    
        
                
                Ajouter au panier"
"1706541983-72","https://www.auchan.fr/boissons-sans-alcool/jus-de-fruits-jus-de-legumes/ca-n0704","2
    
JOKER
    Shots antioxydant maté
33cl7,97€ / l
    Avec ma livraison
    
2,63€
    
    
    
    
    
    
    
        
                
                Ajouter au panier"
"1706541983-73","https://www.auchan.fr/boissons-sans-alcool/jus-de-fruits-jus-de-legumes/ca-n0704","9
    
JOKER
    Le pur jus 100% multifruits sans sucres ajoutés
1l2,12€ / l
    Avec ma livraison
    
2,12€
    
    
    
    
    
    
    
        
                
                Ajouter au panier"
"1706541983-74","https://www.auchan.fr/boissons-sans-alcool/jus-de-fruits-jus-de-legumes/ca-n0704","19
    
JOKER
    Jus multifruits Le Fruit sans sucres ajoutés
1,5l1,37€ / l
    Avec ma livraison
    
2,05€
    
    
    
    
    
    
    
        
                
                Ajouter au panier"
"1706541983-75","https://www.auchan.fr/boissons-sans-alcool/jus-de-fruits-jus-de-legumes/ca-n0704","7
    
TROPICANA
    Jus pure premium 100% orange avec pulpe
1l2,37€ / l
    Avec ma livraison
    
2,37€
    
    
    
    
    
    
    
        
                
                Ajouter au panier"
"1706541983-76","https://www.auchan.fr/boissons-sans-alcool/jus-de-fruits-jus-de-legumes/ca-n0704","19
    
TROPICANA
    Pur jus d'orange sans pulpe
1,5l2,13€ / l
    Avec ma livraison
    
3,19€
    
    
    
    
    
    
    
        
                
                Ajouter au panier"
